@inproceedings{Kroger2006,
  abstract =     {O trabalho de codifica\c{c}\~{a}o de estruturas
                  musicais com um alto grau de abstra\c{c}\~{a}o ocupa
                  um espa\c{c}o ainda n\~{a}o preenchido na \'{a}rea
                  de computa\c{c}\~{a}o musical. Esse artigo descreve
                  a pesquisa onde linguagens de dom\'{\i}nio
                  espec\'{\i}fico est\~{a}o sendo criadas em Lisp para
                  testar possibilidades de codifica\c{c}\~{o}es
                  segundo um modelo bottom-up. Ou seja, diferentes
                  aspectos de uma codifica\c{c}\~{a}o s\~{a}o testados
                  em um prot\'{o}tipo e sua utilidade \'{e} validada
                  ou descartada. At\'{e} o momento alguns
                  sub-problemas foram identificados com a ajuda dessa
                  abordagem, como a utiliza\c{c}\~{a}o de eventos,
                  codifica\c{c}\~{a}o das dura\c{c}\~{o}es, e
                  codifica\c{c}\~{a}o vertical. O uso de ferramentas
                  espec\'{\i}ficas de software livre colabora com a
                  organiza\c{c}\~{a}o e dinamismo dessa pesquisa e
                  todo o c\'{o}digo gerado \'{e} licenciado sob a
                  Licen\c{c}a P\'{u}blica Geral (GPL).},
  address =      {Bras\'{\i}lia},
  author =       {Kroger, Pedro and Sampaio, Marcos da Silva and de
                  Cidra, Givaldo},
  booktitle =    {Anais do XVI Congresso da ANPPOM},
  keywords =     {computer and music},
  mendeley-groups ={Online},
  mendeley-tags ={computer and music},
  title =        {{O processo de desenvolvimento de uma
                  codifica\c{c}\~{a}o para definir estruturas
                  musicais}},
  url =          {http://marcos.sampaio.me/m/pdf/artanppom2006.pdf},
  year =         2006
}

@inproceedings{Kroger2008,
  abstract =     {Automated harmonic analysis is an important and
                  interest- ing music research topic. Although many
                  researchers have studied solutions to this problem,
                  there is no comprehensive and systematic comparison
                  of the many techniques proposed. In this paper we
                  present Rameau, a framework for automatic harmonic
                  analysis we are developing. With Rameau we are able
                  to reimplement and analyze previous techniques, and
                  develop new ones as well. We present a performance
                  evaluation of ten algorithms on a corpus of 140 Bach
                  chorales. We also evaluate four of them using
                  precision and recall and discuss possible
                  improvements. We also present a numeric codification
                  for tonal music with interesting properties, such as
                  easy transposition, preservation of enharmonic
                  information and easy conversion to standard
                  pitch-class notation.},
  address =      {Belfast},
  author =       {Kroger, Pedro and Passos, Alexandre and Sampaio,
                  Marcos da Silva and de Cidra, Givaldo},
  booktitle =    {Proceedings of the 2008 International Computer Music
                  Conference},
  keywords =     {computational musicology},
  mendeley-groups ={Online},
  pages =        {273--281},
  title =        {{Rameau: A system for automatic harmonic analysis}},
  url =
                  {http://classes.berklee.edu/mbierylo/ICMC08/defevent/papers/cr1516.pdf},
  year =         2008
}

@inproceedings{Kroger2008,
  abstract =     {Musicologia computacional \'{e} definida a grosso
                  modo como o estudo de m\'{u}sica com a aux\'{\i}lio
                  de programas de computador. Nesse artigo estudamos
                  quintas e oitavas consecutivas, cad\^{e}ncias,
                  \^{a}mbito de vozes, acordes de sexta aumentada,
                  cruzamento de vozes, resolu\c{c}\~{a}o de
                  s\'{e}timas, e cad\^{e}ncias finais em 366 corais de
                  Bach. Essa an\'{a}lise \'{e} feita completamente com
                  aux\'{\i}lio de computador, o que permite o
                  processamento de muito mais corais em menos tempo
                  que se tivesse sido feita manualmente. Os dados
                  inicias obtidos s\~{a}o interessantes, e espera-se
                  que a implementa\c{c}\~{a}o de an\'{a}lise funcional
                  no sistema ir\'{a} resolver alguns dos problemas no
                  processo de an\'{a}lise.},
  address =      {Salvador},
  author =       {Kroger, Pedro and Passos, Alexandre and Sampaio,
                  Marcos da Silva and de Cidra, Givaldo and Ourives,
                  Natanael de Souza and dos Anjos, Emerson S. and dos
                  Santos, Wallace S.},
  booktitle =    {Anais do XVIII Congresso da ANPPOM},
  keywords =     {computational musicology},
  mendeley-groups ={Online},
  number =       {Riemenschneider 1941},
  pages =        {1--9},
  title =        {{Musicologia computacional aplicada \`{a}
                  an\'{a}lise dos corais de Bach}},
  url =          {http://marcos.sampaio.me/m/pdf/artanppom2008.pdf},
  year =         2008
}

@inproceedings{Passos2009,
  abstract =     {In this paper we present the infrastructure for
                  computational musicology and functional harmonic
                  analysis in Rameau, a framework for experimentation
                  with musicological ideas in software. Rameau
                  supports out of the box chord labeling, key finding,
                  tonal function detection, cadence detection, voice
                  crossing identification, parallel fifths and octaves
                  recognition, seventh note resolution analysis, and
                  can be easily extended to support many other
                  features. It can also generate textual reports,
                  graphical visualization, and typeset scores with the
                  results of these analyses. Rameau is fully open
                  source and implemented in Common Lisp.},
  address =      {Recife},
  author =       {Passos, Alexandre and Sampaio, Marcos da Silva and
                  Kroger, Pedro and de Cidra, Givaldo},
  booktitle =    {Proceedings of the 12th Brazilian Symposium on
                  Computer Music},
  keywords =     {computer and music,music analysis},
  mendeley-groups ={Offline},
  mendeley-tags ={computer and music,music analysis},
  number =       {Ic},
  title =        {{Functional Harmonic Analysis and Computational
                  Musicology in Rameau}},
  url =          {http://marcos.sampaio.me/m/artsbcm2009-2.pdf},
  year =         2009
}

@article{Robatto2003,
  abstract =     {The "Teatro S\~{a}o Jo\~{a}o desta Cidade da Bahia"
                  was the main stage for the representation of
                  cultural, social and political values of the elite
                  in one of the richest cities in the Americas during
                  the early 19th Century. Recently found documents
                  depict its activities and sociocultural impact,
                  shedding light on various aspects of cultural life
                  during the theater's earliest years (1806-1821).},
  author =       {Robatto, Lucas and Rodrigues, Clara Costa and
                  Sampaio, Marcos da Silva},
  journal =      {Revista da Bahia},
  keywords =     {Brasil,Hist\'{o}ria S\'{o}ciocultural,Hist\'{o}ria
                  do Teatro na Bahia,Teatro S\~{a}o Jo\~{a}o,music
                  history},
  mendeley-groups ={Offline},
  mendeley-tags ={Brasil,music history},
  pages =        {62--67},
  title =        {{Os Prim\'{o}rdios do Teatro S\~{a}o Jo\~{a}o desta
                  Cidade da Bahia (1806-1821)}},
  url =          {http://marcos.sampaio.me/m/pdf/artrevbahia.pdf},
  volume =       32,
  year =         2003
}

@inproceedings{Rocha2012,
  address =      {Jo\~{a}o Pessoa, PB},
  author =       {da Rocha, Jean Menezes and Menezes, Mara Pinheiro
                  and Sampaio, Marcos da Silva and Ourives, Natanael
                  de Souza and de Carvalho, Dennis Queiroz and
                  J\'{u}nior, Pedro Ribeiro Kroger},
  booktitle =    {Anais do XXII Congresso da ANPPOM},
  keywords =     {graphics,music visualization,taxonomy,visualization},
  mendeley-groups ={Offline},
  mendeley-tags ={music visualization},
  pages =        {1--8},
  title =        {{Taxonomia de T\'{e}cnicas de Visualiza\c{c}\~{a}o
                  em M\'{u}sica}},
  year =         2012
}

@inproceedings{Sampaio2004,
  abstract =     {O Teatro S\~{a}o Jo\~{a}o da cidade de Salvador, BA,
                  funcionou entre 1812 e 1922. Ele foi o palco
                  principal da representa\c{c}\~{a}o dos valores
                  culturais, est\'{e}ticos e pol\'{\i}ticos da elite
                  baiana, e tamb\'{e}m foi testemunha das mudan\c{c}as
                  que ocorreram nesta sociedade em um per\'{\i}odo
                  decisivo para a consolida\c{c}\~{a}o do Brasil
                  enquanto na\c{c}\~{a}o independente. Nele
                  circularam, al\'{e}m dos artistas, todos os estratos
                  da sociedade baiana. O presente trabalho prop\~{o}e
                  uma abordagem da rela\c{c}\~{a}o profissional
                  existente entre os artistas – atores e m\'{u}sicos –
                  e o Teatro S\~{a}o Jo\~{a}o, enquanto empregador,
                  durante o per\'{\i}odo colonial. O trabalho se
                  baseia na an\'{a}lise de documentos de conte\'{u}do
                  administrativo e cont\'{a}bil referentes ao teatro,
                  no per\'{\i}odo de 1806 a 1821, encontrados no
                  Arquivo P\'{u}blico do Estado da Bahia. Para esta
                  an\'{a}lise, faz-se uso da Sociologia. Adotando o
                  conceito de figura\c{c}\~{a}o, desenvolvido por
                  Norbert Elias, todas as pessoas envolvidas com o
                  teatro passam a constituir uma forma\c{c}\~{a}o
                  social em que os indiv\'{\i}duos est\~{a}o ligados
                  entre si por meio de depend\^{e}ncias
                  rec\'{\i}procas, tendo, neste caso, o teatro como
                  centro. Tal abordagem faz-se necess\'{a}ria para uma
                  melhor compreens\~{a}o da M\'{u}sica e dos
                  m\'{u}sicos durante este per\'{\i}odo da vida
                  cultural brasileira.},
  address =      {Salvador, BA},
  author =       {Sampaio, Marcos da Silva},
  booktitle =    {2° Encontro Nacional da ABET},
  keywords =     {Brasil,music history},
  mendeley-groups ={Offline},
  mendeley-tags ={Brasil,music history},
  title =        {{As rela\c{c}\~{o}es trabalhistas entre o Teatro
                  S\~{a}o Jo\~{a}o e os seus artistas, no per\'{\i}odo
                  de 1812 a 1821}},
  url =          {http://marcos.sampaio.me/m/artiienabet.pdf},
  year =         2004
}

@inproceedings{Sampaio2004a,
  abstract =     {O Teatro S\~{a}o Jo\~{a}o da cidade de Salvador (BA)
                  funcionou entre 1812 e 1922. Nele circularam,
                  al\'{e}m dos artistas, todos os estratos da
                  sociedade baiana. Recentemente foi encontrada, na
                  se\c{c}\~{a}o colonial do Arquivo P\'{u}blico do
                  Estado da Bahia, uma documenta\c{c}\~{a}o
                  in\'{e}dita referente ao per\'{\i}odo de
                  cria\c{c}\~{a}o e estabelecimento do teatro (1806 a
                  1821). Este material est\'{a} distribu\'{\i}do em
                  oito ma\c{c}os de documentos, em diferentes formatos
                  e tamanhos, referentes \`{a} constru\c{c}\~{a}o e ao
                  funcionamento administrativo e art\'{\i}stico do
                  teatro. A grande quantidade de informa\c{c}\~{o}es
                  contida nos ma\c{c}os \'{e} bastante
                  fragment\'{a}ria, dificultando o estudo
                  sistematizado de tal documenta\c{c}\~{a}o. O
                  material encontrado fornece informa\c{c}\~{o}es
                  referentes a artistas e apresenta\c{c}\~{o}es,
                  apesar de n\~{a}o se tratar de documenta\c{c}\~{a}o
                  musical (programas de concerto, partitura). Para
                  tanto foi necess\'{a}rio resolver o problema da
                  fragmenta\c{c}\~{a}o das informa\c{c}\~{o}es, com a
                  cria\c{c}\~{a}o de, numa primeira etapa, um sistema
                  de c\'{o}digos de localiza\c{c}\~{a}o de
                  informa\c{c}\~{o}es arquivais, e, numa segunda
                  etapa, um sistema informatizado de
                  disponibiliza\c{c}\~{a}o de informa\c{c}\~{o}es. A
                  partir do conte\'{u}do dos ma\c{c}os encontrados,
                  desenvolvemos uma classifica\c{c}\~{a}o pr\'{o}pria
                  que leva em conta o sistema de organiza\c{c}\~{a}o
                  utilizado pelo Arquivo P\'{u}blico do Estado da
                  Bahia, al\'{e}m de permitir a inclus\~{a}o de novos
                  documentos, origin\'{a}rios de outros arquivos ou
                  institui\c{c}\~{o}es. Ap\'{o}s esta etapa, iniciamos
                  desenvolvimento do sistema que, em uma primeira
                  vers\~{a}o, contempla apenas informa\c{c}\~{o}es
                  relativas a artistas. Para seu desenvolvimento
                  levamos em conta as necessidades de consulta do
                  material e a futura conex\~{a}o com outras bases de
                  dados constru\'{\i}das em pesquisas na \'{a}rea de
                  Musicologia na Bahia, como a desenvolvida por Pablo
                  Sotuyo Blanco, sobre o Patrim\^{o}nio Musical na
                  Bahia e a coordenada por Manuel Veiga, sobre
                  Impress\~{a}o Musical na Bahia. Al\'{e}m de
                  apresentar solu\c{c}\~{o}es aos problemas inerentes
                  ao gerenciamento das informa\c{c}\~{o}es
                  encontradas, o presente projeto de pesquisa fornece
                  subs\'{\i}dios para uma abordagem sociol\'{o}gica do
                  Teatro S\~{a}o Jo\~{a}o. Adotando o conceito de
                  figura\c{c}\~{a}o, desenvolvido por Norbert Elias,
                  todas as pessoas envolvidas com o teatro passam a
                  constituir uma forma\c{c}\~{a}o social em que os
                  indiv\'{\i}duos est\~{a}o ligados entre si por meio
                  de depend\^{e}ncias rec\'{\i}procas, tendo, neste
                  caso, o teatro como centro. Tal abordagem transcende
                  as fronteiras tradicionais da Musicologia
                  Hist\'{o}rica, por\'{e}m, faz-se necess\'{a}ria para
                  uma melhor compreens\~{a}o da M\'{u}sica e dos
                  m\'{u}sicos durante este per\'{\i}odo da vida
                  cultural brasileira.},
  author =       {Sampaio, Marcos da Silva},
  booktitle =    {Anais do VI Encontro de Musicologia Hist\'{o}rica},
  keywords =     {Brasil,music history},
  mendeley-groups ={Offline},
  mendeley-tags ={Brasil,music history},
  pages =        {432--441},
  publisher =    {Prom\'{u}sica},
  title =        {{Os Documentos do Teatro S\~{a}o Jo\~{a}o no Arquivo
                  P\'{u}blico do Estado da Bahia: Catalogando e
                  Gerenciando Informa\c{c}\~{o}es}},
  url =
                  {http://www.mendeley.com/research/os-documentos-do-teatro-so-joo-no-arquivo-pblico-do-estado-da-bahia-catalogando-e-gerenciando-informaes/},
  year =         2004
}

@phdthesis{Sampaio2008,
  abstract =     {Contours can be understood as the shape or format of
                  an object. In Music contour can represent a
                  parameter in function of another, like pitch in
                  function of density or density in function of
                  amplitude. Contours are important because, as well
                  as pitch sets and motives, they can help giving
                  coherence to a musical piece. Theories of contours
                  have been used in areas such as Ear Training and
                  Analysis, but the systematic use of contours for
                  generation of compositional material is an issue
                  still lacking literature. In this thesis I present
                  the piece "Em torno da rom\~{a}" [Around the
                  pomegranate] and its analysis. This piece, for
                  woodwind quintet, was composed using combinations of
                  contour operations associated with parameters such
                  as pitch, tempo, density and texture. In order to
                  accomplish this task, I did a literature review of
                  contour theories, I did a mapping of contours to
                  musical elements, I composed studies of
                  possibilities for experimentation with contours, I
                  develop the Goiaba, a software to assist in
                  processing contours for composition, and finally
                  composed the piece "Em torno da rom\~{a}. This study
                  helps to advance the state of art of contour
                  theories through composition contour operations
                  experiments using contour operations and contributes
                  with new tools to the composition field. My
                  conclusion is that contours can be used in a
                  systematic way in musical composition, but we still
                  need further study. Thus this depth and continuity
                  in development of Goiaba are possible future
                  activities resulting from this work.},
  author =       {Sampaio, Marcos da Silva},
  keywords =     {Computer music,Musical composition,Musical
                  contours,Woodwind quintet,musical contour},
  mendeley-groups ={Offline},
  mendeley-tags ={musical contour},
  pages =        92,
  school =       {Universidade Federal da Bahia},
  title =        {{Em torno da rom\~{a}: aplica\c{c}\~{o}es de
                  opera\c{c}\~{o}es com contornos na
                  composi\c{c}\~{a}o}},
  type =         {Master's Thesis},
  url =          {https://repositorio.ufba.br/ri/handle/ri/9306},
  year =         2008
}

@phdthesis{Sampaio2012b,
  abstract =     {Contorno \'{e} o perfil, desenho ou formato de um
                  objeto. Em M\'{u}sica, contornos podem ser
                  abstra\'{\i}dos de qualquer par\^{a}metro, como
                  altura, densidade, ritmo, timbre, e intensidade. O
                  estudo de rela\c{c}\~{o}es de contornos musicais
                  \'{e} importante porque tais rela\c{c}\~{o}es
                  s\~{a}o facilmente reconhec\'{\i}veis auditivamente
                  por m\'{u}sicos e leigos, e porque, assim como
                  conjuntos de notas e motivos, contornos podem ajudar
                  a dar coer\^{e}ncia a uma obra musical. A Teoria de
                  Rela\c{c}\~{o}es de Contornos Musicais foi
                  desenvolvida por autores como Michael L. Friedmann,
                  Robert D. Morris, e Elizabeth W. Marvin e Paul
                  Laprade. Esta teoria fornece conceitos e
                  opera\c{c}\~{o}es que ajudam a dar precis\~{a}o no
                  estudo das rela\c{c}\~{o}es de contornos musicais.
                  Eu descobri que o algoritmo de forma prima de
                  classes de contornos equivalentes de Marvin e
                  Laprade \'{e} inconsistente. Baseado na
                  inconsist\^{e}ncia deste algoritmo, levantei duas
                  hip\'{o}teses: a Teoria dos Contornos cont\'{e}m
                  inconsist\^{e}ncias em outros pontos al\'{e}m deste
                  algoritmo; e a inconsist\^{e}ncia deste algoritmo
                  implica em erros nos desdobramentos e nos resultados
                  das an\'{a}lises de obras musicais baseadas nesta
                  teoria. Este trabalho teve duas partes. A primeira
                  teve como objetivo principal verificar a
                  exist\^{e}ncia de inconsist\^{e}ncias na Teoria dos
                  Contornos e propor solu\c{c}\~{o}es. A segunda teve
                  como objetivo compor um grupo de composi\c{c}\~{o}es
                  com eventual uso de rela\c{c}\~{o}es de contornos
                  musicais. A metodologia de verifica\c{c}\~{a}o de
                  inconsist\^{e}ncias consistiu no desenvolvimento do
                  programa MusiContour e na realiza\c{c}\~{a}o de
                  testes funcionais. Ent\~{a}o, programei e testei um
                  conjunto de 37 opera\c{c}\~{o}es e conceitos da
                  Teoria dos Contornos. Com a pesquisa que originou
                  este trabalho pude verificar que a primeira
                  hip\'{o}tese, das inconsist\^{e}ncias em outros
                  pontos da Teoria dos Contornos, \'{e} verdadeira, e
                  que a segunda hip\'{o}tese, do impacto da
                  inconsist\^{e}ncia do algoritmo de Marvin e Laprade,
                  \'{e} falsa. Os principais resultados deste trabalho
                  s\~{a}o os novos algoritmos de forma prima de
                  classes de contornos equivalentes e de
                  redu\c{c}\~{a}o de contornos, revis\~{a}o de
                  conceitos, opera\c{c}\~{o}es, defini\c{c}\~{a}o de
                  novas opera\c{c}\~{o}es, o programa MusiContour, a
                  organiza\c{c}\~{a}o did\'{a}tica do texto sobre a
                  teoria, e a composi\c{c}\~{a}o e
                  apresenta\c{c}\~{a}o de sete obras musicais.},
  author =       {Sampaio, Marcos da Silva},
  keywords =     {Composi\c{c}\~{a}o Musical,Contornos
                  musicais,Programa de computador para
                  M\'{u}sica,Teoria Musical,Teoria de Rela\c{c}\~{o}es
                  de Contornos Musicais,musical contour},
  mendeley-tags ={musical contour},
  school =       {Universidade Federal da Bahia},
  title =        {{A Teoria de Rela\c{c}\~{o}es de Contornos Musicais:
                  inconsist\^{e}ncias, solu\c{c}\~{o}es e
                  ferramentas}},
  type =         {Tese de doutorado},
  url =          {https://repositorio.ufba.br/ri/handle/ri/10555},
  year =         2012
}

@article{Sampaio2013,
  author =       {Sampaio, Marcos da Silva and Kroger, Pedro and
                  Menezes, Mara Pinheiro and da Rocha, Jean Menezes
                  and Ourives, Natanael and de Carvalho, Dennis
                  Queiroz},
  journal =      {ART Music Review},
  keywords =     {musical contour},
  mendeley-tags ={musical contour},
  title =        {{The Implementation of a Contour Module for
                  Music21}},
  url =
                  {http://www.revista-art.com/the-implementation-of-a-contour-module-for-music21},
  volume =       24,
  year =         2013
}
