
@Article{         allen91:time,
  keywords      = {(TIME)},
  pages         = {341--355},
  number        = {4},
  volume        = {6},
  year          = {1991},
  journal       = {International Journal of Intelligent Systems},
  title         = {Time and time again: the many ways to represent time},
  author        = {James F. Allen}
}

@Book{            duda.ea00:pattern,
  author        = "Richard O. Duda and Peter E. Hart and David G. Stork",
  title         = "Pattern Classification",
  publisher     = "Wiley",
  edition       = {2nd},
  year          = "2000"
}

@InBook{          minsky67:design,
  author        = {Marvin Minsky},
  title         = {Design and Planning II --- Computers in Design and
                  Communication},
  chapter       = {Why programming is a good medium for expressing poorly
                  understood and sloppilyÂ­formulated ideas},
  publisher     = {Visual Committee Books and Hastings House Publishers},
  year          = 1967,
  address       = {New York}
}

@Book{            mitchell97:machine,
  author        = "Tom M. Mitchell",
  title         = "Machine Learning",
  publisher     = "McGraw-Hill",
  address       = "New York",
  keywords      = "machine learning",
  year          = "1997"
}

@Book{            norvig92:paradigms,
  author        = {Peter Norvig},
  title         = {Paradigms of Artificial Intelligence Programming: Case
                  Studies in Common Lisp},
  year          = {1992},
  isbn          = {1558601910},
  publisher     = {Morgan Kaufmann Publishers Inc.},
  address       = {San Francisco, CA, USA}
}

@Book{            russell.ea02:artificial,
  author        = {Stuart Russell and Peter Norvig},
  title         = {Artificial Intelligence: A Modern Approach},
  publisher     = {Prentice Hall},
  year          = 2002,
  edition       = {2nd}
}

@ARTICLE{mackay.ea95:hierarchical,
    author = {David J. C. Mackay and Linda C. Bauman Petoy},
    title = {A Hierarchical Dirichlet Language Model},
    journal = {Natural Language Engineering},
    year = 1995,
    volume = 1,
    pages = {1--19}
}

@TECHREPORT{mackay97:ensemble,
    author = {David J. C. Mackay},
    title = {Ensemble learning for hidden markov models},
    institution = {Cambridge University},
    year = 1997
}

@INPROCEEDINGS{beal.ea97:factorial,
    author = {Matthew J. Beal and Zoubin Ghahramani and Carl Edward Rasmussen},
    title = {Factorial hidden Markov models},
    booktitle = {Machine Learning},
    year = 1997,
    pages = {29--245},
    publisher = {MIT Press}
}

@article{ferguson73:bayesian,
  title={{A Bayesian analysis of some nonparametric problems}},
  author={Ferguson, T.S.},
  journal={Ann. Statist},
  volume=1,
  number=2,
  pages={209--230},
  year=1973
}

@article{rasmussen00:infinite,
  title={{The infinite Gaussian mixture model}},
  author={Rasmussen, C.E.},
  journal={Advances in Neural Information Processing Systems},
  volume=12,
  pages={554--560},
  year=2000
}

@unpublished{teh07:dirichlet,
author=         "Y. W. Teh",
title=          "{D}irichlet Processes",
note=           "Submitted to Encyclopedia of Machine Learning",
year=           2007
}

