@Book{            mitchell:machine,
  author        = "Tom M. Mitchell",
  title         = "Machine Learning",
  publisher     = "McGraw-Hill",
  address       = "New York",
  keywords      = "machine learning",
  year          = "1997"
}

@Book{            russell.ea:artificial,
  author        = {Stuart Russell and Peter Norvig},
  title         = {Artificial Intelligence: A Modern Approach},
  publisher     = {Prentice Hall},
  year          = 2002,
  edition       = {2nd}
}
