
@Article{	  ghias.ea95:query,
  author	= {Asif Ghias and Jonathan Logan and David Chamberlin and
		  Brian C. Smith},
  title		= {Query by Humming: Musical Information Retrieval in an
		  Audio Database},
  journal	= {ACM Multimedia},
  year		= {1995},
  pages		= {231--236},
  citeseerurl	= {http://citeseer.ist.psu.edu/136698.html},
  url		= {http://www.cs.cornell.edu/info/faculty/bsmith/query-by-humming.html}
		  ,
  keywords	= {audio}
}
