
@Book{            adler89:study,
  author        = {Samuel Adler},
  title         = {The Study of Orchestration},
  publisher     = {W. W. Norton \& Company},
  year          = 1989,
  note          = {[Biblioteca da Emus: 785.028 a2370]}
}

@Book{            casella50:tecnica,
  author        = {Alfredo Casella},
  title         = {La Tecnica de la Orquestra Contemporanea},
  publisher     = {Ricordi},
  year          = 1950,
  address       = {Buenos Aires},
  note          = {[Biblioteca da Emus: 785.028 c3775]}
}

@Book{            kennan.ea83:technique,
  author        = {Kent Kennan and Donald Granthan},
  title         = {The Technique of Orquestration},
  publisher     = {Prentice Hall},
  year          = 1983,
  edition       = {2d~ed.},
  address       = {New Jersey},
  note          = {[Biblioteca da Emus: 785.028 k34]}
}

@Book{            piston84:orquestraci≥n,
  author        = {Piston, Walter},
  title         = {Orquestraci√≥n},
  publisher     = {Real Musical},
  year          = 1984,
  address       = {Madrid},
  note          = {[Biblioteca da Emus: 785.021 p6790]}
}

@Book{            sch∂nberg91:fundamentos,
  author        = {Sch√∂nberg, Arnold},
  title         = {Fundamentos da Composi√ß√£o Musical},
  translator    = {trad. Eduardo Seineman},
  publisher     = {Editora da Universidade de S√£o Paulo},
  year          = 1991,
  address       = {S√£o Paulo},
  note          = {[Biblioteca da Emus: 781.61 s365f]}
}

@Book{            stone80:music,
  author        = {Stone, Kurt},
  title         = {Music Notation in The Twentieth Century},
  publisher     = {W. W. Norton},
  year          = 1980,
  address       = {New York},
  note          = {[Biblioteca da Emus: 781.240904 s878]}
}
