@INPROCEEDINGS{rol00:xml4mir,
   YEAR = {2000},
   AUTHOR = {Perry Roland },
   URL = {http://ismir2000.ismir.net/papers/roland_paper.pdf},
   BOOKTITLE = {ISMIR 2000: Proceedings of the First International Conference on Music Information Retrieval},
   TITLE = {XML4MIR: Extensible Markup Language for Music Information Retrieval},
   KEYWORDS = {(MIR)},
}
@INPROCEEDINGS{kroger05:codificacao,
   YEAR = {2005},
   PAGES = {307--310},
   AUTHOR = {Pedro Kröger },
   BOOKTITLE = {Proceedings of the 10th Brazilian Symposium on Computer Music},
   TITLE = {
Desenvolvimento e implementação de uma codificação para definir
  estruturas musicais},
   KEYWORDS = {(MIR CODIFICATION)},
}
@BOOK{krishnamurthi06:programming,
   URL = {http://www.cs.brown.edu/~sk/Publications/Books/ProgLangs},
   YEAR = {2006},
   TITLE = {Programming Languages: Application and Interpretation},
   AUTHOR = {Shriram Krishnamurthi },
}
@BOOK{ufba97:regimento,
   YEAR = {1997},
   TITLE = {Universidade Federal da Bahia: Regimento Geral},
   ORGANIZER = {(ANTONIO EDUARDO MOTA PORTELA)},
}
@BOOK{ufba03:regulamento,
   YEAR = {2003},
   ONLINE-IN = {http://www.sgc.ufba.br/reg_revisto.pdf},
   TITLE = {Regulamento do Ensino de Graduação},
}
@ARTICLE{gordon85:system,
   PAGES = {191--233},
   MONTH = {6},
   NUMBER = {2},
   VOLUME = {17},
   KEYWORDS = {(COMPUTER-MUSIC ALGORITHMS DESIGN PERFORMANCE SYSTEMS)},
   YEAR = {1985},
   JOURNAL = {ACM Computing Surveys},
   TITLE = {System Architectures for Computer Music},
   AUTHOR = {John W. Gordon },
}
@ARTICLE{loy85:programming,
   PAGES = {235--265},
   MONTH = {6},
   NUMBER = {2},
   VOLUME = {17},
   KEYWORDS = {(COMPUTER-MUSIC REPRESENTATION PROGRAMMING-LANGUAGE SYNTHESIS)},
   YEAR = {1985},
   JOURNAL = {ACM Computing Surveys},
   TITLE = {
Programming languages for computer music synthesis,
     performance, and composition},
   AUTHOR = {Gareth Loy AND Curtis Abbott },
}
@ARTICLE{almstrum03:attraction,
   MONTH = {9},
   PAGES = {51--55},
   NUMBER = {9},
   VOLUME = {46},
   YEAR = {2003},
   JOURNAL = {Comunications of the ACM},
   TITLE = {What is the Attraction to Computing},
   AUTHOR = {Vicki L. Almstrum },
}
@ARTICLE{devlin03:universities,
   MONTH = {9},
   PAGES = {37--39},
   NUMBER = {9},
   VOLUME = {46},
   YEAR = {2003},
   JOURNAL = {Comunications of the ACM},
   TITLE = {Why Universities Require Computer Science Students to Take Math},
   AUTHOR = {Keith Devlin },
}
@INCOLLECTION{mathiesen02:greece,
   EDITOR = {Laura Macy },
   KEYWORDS = {(TEORIA TEORIA-GREGA TEMPERAMENTO PITAGORAS ARISTOXENUS)},
   ANNOTE = {
Artigo que dá uma visão geral da teorial musical na
   grécia antiga. A introdução fala do uso das teorias gregas
   durante a históra e as fontes de estudo. O autor, sendo a
   autoridade no assunto, define as regiões e limites
   cronológicos. Uma seção aborda o que é conhecido sobre a vida
   musical na grécia antiga. Uma extensa seção descreve os
   instrumentos musicais utilizados. A parte sobre teoria musical
   trata dos ptagóricos, os harmonicistas, e a tradição
   aristoxeana (aqui ele fala das notas, intervalos, genera,
   escalas, tonoi e harmoniai, modulação, e composição
   mélica). Uma breve seção discorre sobre a notação.},
   LINK = {www.grovemusic.com},
   WHEREIS = {Pasta M},
   YEAR = {2002},
   PUBLISHER = {Macmillan Publishers},
   BOOKTITLE = {The New Grove Dictionary of Music and Musicians On-line},
   TITLE = {Greece, Ancient},
   AUTHOR = {Thomas J. Mathiesen },
}
@UNPUBLISHED{roy2003:concepts,
   YEAR = {2003},
   KEYWORDS = {(PROGRAMMING)},
   ANNOTE = {
Livro com mais de 900 páginas. Concentra na abordagem
   de conceitos e técnicas, ao inves de linguagens de
   programação. Parece ser bom e extenso.},
   LINK = {http://www.info.ucl.ac.be/~pvr},
   TITLE = {Concepts, Techniques, and Models of Computer Programming},
   AUTHOR = {Peter Van Roy AND Seif Haridi },
}
@BOOK{veeraraghavan99:shell,
   KEYWORDS = {(UNIX SHELL PROGRAMMING)},
   ANNOTE = {
Contem uma introdução ao UNIX, shell e tools, como
   programar usando o shell, e tópicos avancados. Essa cópia
   digital é horrivelmente formatada (provavelmente pelo adobe a
   partir do html) e não vale a pena ser impressa (600 paginas).},
   YEAR = {1999},
   PUBLISHER = {Sams Publishing},
   TITLE = {Sams Teach Yourself Shell Programming in 24 Hours},
   AUTHOR = {Sriranga Veeraraghavan },
}
@BOOK{stallman02:emacs,
   MONTH = {3},
   KEYWORDS = {(EMACS GNU UNIX)},
   ANNOTE = {
Manual de referência do Emacs. Bem escrito, mas um
    novato sente falta de screenshots e para que serve algumas
    coisas.},
   LINK = {www.emacs.org},
   YEAR = {2002},
   PUBLISHER = {Free Software Fundation},
   TITLE = {GNU Emacs Manual},
   AUTHOR = {Richard Stallman },
}
@BOOK{glickstein97:writing,
   KEYWORDS = {(EMACS)},
   ANNOTE = {
O título diz tudo, um livro para usuários mais
   avançados. Esse liro foi baixado do netlibrary (tenho os
   htmls).},
   YEAR = {1997},
   PUBLISHER = {O'Reilly},
   TITLE = {Writing GNU Emacs Extensions},
   AUTHOR = {Bob Glickstein },
}
@UNPUBLISHED{taube03:notes,
   YEAR = {2003},
   MONTH = {3},
   KEYWORDS = {(COMPOSICAO LISP CLM COMMON-MUSIC COMPUTER-MUSIC)},
   ANNOTE = {
Parece ser um livro interessante. Tem uma introdução
   ao Lisp e alguns capítulos de composição algorítmica,
   temperamentos, etc.},
   TITLE = {Notes from the Metalevel: An Introduction to Computer Composition},
   AUTHOR = {Heinrich Konrad Taube },
}
@INBOOK{mills59:sociological,
   ADDRESS = {New York},
   KEYWORDS = {(LOGBOOK DESENVOLVIMENTO-PESSOAL PESQUISA)},
   ANNOTE = {
Mills wrote an Appendix in The Sociological Imagination,
   calling it On Intellectual Craftsmanship.'In this essay he kind
   of talks out loud about how he does things, offering advice to new
   and old sociologists, alike. He offers advice which corresponds to
   his own stance vis-a-vis mainstream' sociological theory and
   methods...advice which I think is still sound today...some 40
   years later. [Esse comentário é da pessoa que disponibilizou o
   texto na internet. Ele também scaneou esses textos. infelizmente
   não tenho mais a URL. Mills recomenda, entre outras coisas, manter
   um log.]},
   YEAR = {1959},
   PUBLISHER = {Oxford},
   PAGES = {195--226},
   CHAPTER = {On Intellectual Craftsmanship},
   TITLE = {The Sociological Imagination},
   AUTHOR = {C. Wright Mills },
}
@MANUAL{donnelly02:bison,
   YEAR = {2002},
   MONTH = {2},
   AUTHOR = {Charles Donnelly AND Richard Stallman },
   KEYWORDS = {(BISON YACC PARSER-GENERATOR)},
   ANNOTE = {Manual para a versão 1.35 do Bison.},
   TITLE = {Bison: The YACC-compatible parser generator},
}
@ARTICLE{crocker63:pythagorean,
   MONTH = {8},
   PAGES = {189--198},
   NUMBER = {2},
   VOLUME = {22},
   KEYWORDS = {(MATEMATICA PITAGORAS MUSICA-GREGA)},
   ANNOTE = {
Artigo denso e não muito fácil explica as idéias
   matemáticas por trás da teoria musical ptagórica. Aborda do ponto
   de vista dos gregos antigos, i.e., como eles pensavam. Aborda a
   questão do número irracional e como o estudo musical influenciava
   o estudo matemático.},
   WHEREIS = {Pasta C},
   YEAR = {1963},
   JOURNAL = {Journal of Aesthetics and Art Criticism},
   TITLE = {Pythagorean Mathematics and Music},
   AUTHOR = {Richard L. Crocker },
}
@ARTICLE{crocker64:pythagorean,
   MONTH = {8},
   PAGES = {325--335},
   NUMBER = {3},
   VOLUME = {22},
   KEYWORDS = {(MATEMATICA PITAGORAS MUSICA-GREGA)},
   ANNOTE = {Conclusão do artigo publicado no volume anterior. As duas partes estão grampeadas},
   WHEREIS = {Pasta C},
   YEAR = {1964},
   JOURNAL = {Journal of Aesthetics and Art Criticism},
   TITLE = {Pythagorean Mathematics and Music},
   AUTHOR = {Richard L. Crocker },
}
@BOOK{michel50:pythagore,
   ADDRESS = {Paris},
   KEYWORDS = {(MATEMATICA PITAGORAS MUSICA-GREGA)},
   ANNOTE = {
Citado por [crocker63:pythagorean] como sua fonte
   principal de refêrencia da matemática pitagórica. Ele diz que
   é um volume abrangente.},
   YEAR = {1950},
   TITLE = {De Pythagore à Euclide},
   AUTHOR = {P. H. Michel },
   PROCURAR = {YES},
}
@INCOLLECTION{isidoro:mathematica,
   year = {s.d.},
   KEYWORDS = {(MATEMATICA-GREGA TEORIA-GREGA)},
   ANNOTE = {
Isidoro trata basicamente de etmologia, mas tem uma
   introdução à matemática grega, e o uso da aritmética na
   educação. Uma tradução em português com gráficos e comentários
   pode ser vista em http://www.hottopos.com/geral/isidorus.htm
   [lauand02:estudo]},
   NOTE = {Transcrição do tratado disponível on-line.},
   LINK = {http://www.hottopos.com/geral/latisid.htm},
   BOOKTITLE = {Etymologiarum libri XX},
   TITLE = {De Mathematica},
   AUTHOR = {Isidoro De Sevilha },
}
@ARTICLE{lauand02:estudo,
   NUMBER = {4},
   KEYWORDS = {(MATEMATIGA-GREGA MATEMATICA-MEDIEVAL TEORIA-GREGA)},
   ANNOTE = {Tradução em portugues com comentários e gráficos.},
   LINK = {http://www.hottopos.com/geral/isidorus.htm},
   YEAR = {2002},
   JOURNAL = {Signum, Revista da ABREM},
   TITLE = {Estudo Introdutório - a Aritmética de Isidoro de Sevilha e a Educação Medieval},
   AUTHOR = {Jean Lauand },
}
@INCOLLECTION{tannery15:role,
   ADDRESS = {Paris},
   KEYWORDS = {(HISTORIA-DAS-CIENCIAS MATEMATICA-GREGA)},
   ANNOTE = {Citado por [crocker63:pythagorean]. A música provia métodos para a aritimetica. },
   LINK = {http://www.gabay.com/sources/Liste_Fiche.asp?CV=165,03},
   YEAR = {1915},
   PUBLISHER = {Jacques Gabay},
   BOOKTITLE = {MEMOIRES SCIENTIFIQUES, Tome III},
   TITLE = {Du rôle de la musique grecque dans le développement de la mathématique pure},
   AUTHOR = {P. Tannery },
   PROCURAR = {YES},
}
@MASTERSTHESIS{enckla97:dynamic,
   MONTH = {9},
   KEYWORDS = {(TEMPERAMENTO TEMPERAMENTO-ADAPTAVEL PEQUENA-LINGUAGEM LINGUAGEM NOTACAO)},
   ANNOTE = {
Tese sobre temperamento adaptável. Propoe uma pequena
   linguagem primitiva 'score description language' para
   temperamentos adaptáveis. As limitações da linguagem são
   muitas e reconhecidas na própria tese. Tem um capítulo
   interessante sobre teoria de afinação (com ênfase
   matemática).},
   LINK = {http://xenia.media.mit.edu/~bdenckla/thesis/texts/htthe/},
   YEAR = {1997},
   SCHOOL = {Massachusetts Institute of Technology},
   TITLE = {Dynamic Intonation in Synthesizer Performance},
   AUTHOR = {Benjamin Frederick Denckla },
}
@UNPUBLISHED{keenan98:harmonic,
   YEAR = {1998},
   MONTH = {2},
   KEYWORDS = {(TEMPERAMENTO CONSONANCIA)},
   ANNOTE = {Atualizado em 2003.},
   LINK = {http://www.uq.net.au/~zzdkeena/Music/EqualTemperedMusicalScales.htm},
   TITLE = {Harmonic errors in equal tempered musical scales},
   AUTHOR = {David C Keenan },
}
@UNPUBLISHED{keenan98:algorithm,
   YEAR = {1995},
   KEYWORDS = {(TEMPERAMENTO ALGORITMO COMPUTER-MUSIC)},
   ANNOTE = {Atualizado em 2000.},
   LINK = {http://www.uq.net.au/~zzdkeena/Music/AdaptiveMeantone.htm},
   TITLE = {An algorithm for dynamically choosing the best 12 notes from an extended meantone - Part 1},
   AUTHOR = {David C Keenan },
}
@UNPUBLISHED{keenan98:errors,
   YEAR = {1998},
   MONTH = {11},
   KEYWORDS = {(TEMPERAMENTO ANALISE)},
   ANNOTE = {Atualizado julho 2000.},
   LINK = {http://www.uq.net.au/~zzdkeena/Music/1ChainOfFifthsTunings.htm},
   TITLE = {Harmonic errors in single-chain-of-equal-fifths tunings},
   AUTHOR = {David C Keenan },
}
@UNPUBLISHED{keenan99:errors,
   YEAR = {1999},
   MONTH = {11},
   KEYWORDS = {(TEMPERAMENTO ANALISE)},
   LINK = {http://www.uq.net.au/~zzdkeena/Music/2ChainOfFifthsTunings.htm},
   TITLE = {Harmonic errors in double-chain-of-equal-fifths tunings},
   AUTHOR = {David C Keenan },
}
@UNPUBLISHED{keenan98:strange,
   YEAR = {1998},
   MONTH = {11},
   KEYWORDS = {(TEMPERAMENTO)},
   ANNOTE = {Atualizado em 2000.},
   LINK = {http://www.uq.net.au/~zzdkeena/Music/Strange9.htm},
   TITLE = {A strange 9-limit temperament},
   AUTHOR = {David C Keenan },
}
@UNPUBLISHED{keenan98:note,
   YEAR = {1998},
   MONTH = {7},
   KEYWORDS = {(TEMPERAMENTO NOTACAO)},
   LINK = {http://www.uq.net.au/~zzdkeena/Music/IntervalNaming.htm},
   TITLE = {A note on the naming of musical intervals},
   AUTHOR = {David C Keenan },
}
@UNPUBLISHED{keenan99:note,
   YEAR = {1999},
   MONTH = {11},
   KEYWORDS = {(TEMPERAMENTO NOTACAO)},
   LINK = {http://www.uq.net.au/~zzdkeena/Music/ANoteOnNotation.htm},
   TITLE = {A note on mathematical notation for musical intervals},
   AUTHOR = {David C Keenan },
}
@UNPUBLISHED{keenan99:method,
   YEAR = {1999},
   MONTH = {11},
   KEYWORDS = {(TEMPERAMENTO)},
   LINK = {http://www.uq.net.au/~zzdkeena/Music/DistributingCommas.htm},
   TITLE = {A method for optimally distributing any comma},
   AUTHOR = {David C Keenan },
}
@UNPUBLISHED{keenan01:miracle,
   YEAR = {2001},
   MONTH = {7},
   KEYWORDS = {(TEMPERAMENTO NOTACAO)},
   ANNOTE = {
Originalmente postado na tuning list' em 4 julho
     2001, atualizado em 1 fevereiro de 2002.},
   LINK = {http://uq.net.au/~zzdkeena/Music/Miracle/MiracleIntervalNaming.txt},
   TITLE = {Miracle Interval Naming},
   AUTHOR = {David C Keenan },
}
@UNPUBLISHED{keenan98:11note,
   YEAR = {1998},
   MONTH = {7},
   KEYWORDS = {(TEMPERAMENTO)},
   LINK = {http://www.uq.net.au/~zzdkeena/Music/ChainOfMinor3rds.htm},
   TITLE = {11 note chain-of-minor-thirds scale},
   AUTHOR = {David C Keenan },
}
@UNPUBLISHED{purdam:comparison,
   year = {s.d.},
   KEYWORDS = {(TEMPERAMENTO)},
   LINK = {http://www.pcug.org.au/~apurdam/tempers.html},
   TITLE = {Comparison of Temperaments},
   AUTHOR = {Andrew Purdam },
}
@UNPUBLISHED{kellner:bach,
   year = {s.d.},
   KEYWORDS = {(TEMPERAMENTO)},
   LINK = {http://ha.kellner.bei.t-online.de/},
   TITLE = {Johann Sebastian Bach: the well tempered tuning is unequal},
   AUTHOR = {Herbert Anton Kellner },
}
@UNPUBLISHED{lewis98:understanding,
   YEAR = {1998},
   KEYWORDS = {(TEMPERAMENTO)},
   LINK = {http://pages.globetrotter.net/roule/temper.htm},
   TITLE = {Understanding Temperaments},
   AUTHOR = {Pierre Lewis },
}
@UNPUBLISHED{shulter98:pythagorean,
   YEAR = {1998},
   KEYWORDS = {(TEMPERAMENTO PITAGORAS)},
   LINK = {http://www.medieval.org/emfaq/harmony/pyth.html},
   TITLE = {Pythagorean Tuning and Medieval Polyphony},
   AUTHOR = {Margo Schulter },
}
@UNPUBLISHED{shulter01:xenharmonic,
   YEAR = {2001},
   MONTH = {3},
   KEYWORDS = {(TEMPERAMENTO)},
   LINK = {http://www.medieval.org/emfaq/harmony/marchetmf.html},
   TITLE = {Xenharmonic Excursion to Padua, 1318: Marchettus, the cadential diesis, and neo-Gothic tunings},
   AUTHOR = {Margo Schulter },
}
@UNPUBLISHED{schulter00:hexachords,
   YEAR = {2000},
   MONTH = {3},
   KEYWORDS = {(TEMPERAMENTO MUSICA-MEDIEVAL)},
   LINK = {http://www.medieval.org/emfaq/harmony/hex.html},
   TITLE = {Hexachords, solmization, and musica ficta},
   AUTHOR = {Margo Schulter },
}
@UNPUBLISHED{schulter97:polyphony,
   YEAR = {1997},
   MONTH = {10},
   KEYWORDS = {(TEMPERAMENTO MUSICA-MEDIEVAL)},
   LINK = {/Docs/ebib/arrumar/tuning/2001/processados/13th-Century-Polyphony-Combinations-and-Cadences/13th-Century-Polyphony-Combinations-and-Cadences.pdf},
   TITLE = {Thirteenth-Century Polyphony: A Quick Guide to Combinations and Cadences},
   AUTHOR = {Margo Schulter },
}
@ARTICLE{alves90:key,
   PAGES = {1--6},
   NUMBER = {3},
   VOLUME = {6},
   KEYWORDS = {(TEMPERAMENTO)},
   LINK = {http://www2.hmc.edu/~alves/justkeys.html},
   YEAR = {1990},
   JOURNAL = {1/1: Journal of the Just Intonation Network},
   TITLE = {Key Characteristics and Pitch Sets in Composing with Just Intonation},
   AUTHOR = {Bill Alves },
}
@ARTICLE{alves89:vicentino,
   PAGES = {8--13},
   NUMBER = {2},
   VOLUME = {5},
   KEYWORDS = {(TEMPERAMENTO)},
   LINK = {http://www2.hmc.edu/~alves/vicentino.html},
   YEAR = {1989},
   JOURNAL = {1/1: Journal of the Just Intonation Network},
   TITLE = {The Just Intonation System of Nicola Vicentino},
   AUTHOR = {Bill Alves },
}
@ARTICLE{sethares93:relating,
   MONTH = {12},
   NUMBER = {2},
   VOLUME = {9},
   KEYWORDS = {(TEMPERAMENTO TIMBRE)},
   ANNOTE = {A url contém uma reprodução do artigo publicado.},
   LINK = {http://eceserv0.ece.wisc.edu/~sethares/consemi.html},
   YEAR = {1993},
   JOURNAL = {Experimental Musical Instruments},
   TITLE = {Relating Tuning and Timbre},
   AUTHOR = {William A. Sethares },
}
@ARTICLE{sethares02:real,
   PAGES = {347--355},
   NUMBER = {1},
   VOLUME = {31},
   KEYWORDS = {(TEMPERAMENTO TEMPERAMENTO-ADAPTAVEL)},
   ANNOTE = {comenta implementação de algoritimo para temperamento adaptável em MAX},
   LINK = {http://eceserv0.ece.wisc.edu/~sethares/paperspdf/adaptun2002.pdf},
   YEAR = {2002},
   JOURNAL = {Journal of New Music Research},
   TITLE = {Real-time adaptive tunings using MAX},
   AUTHOR = {William A. Sethares },
}
@ARTICLE{sethares98:consonance,
   PAGES = {56--72},
   NUMBER = {1},
   VOLUME = {22},
   KEYWORDS = {(TEMPERAMENTO TIMBRE)},
   LINK = {http://eceserv0.ece.wisc.edu/~sethares/paperspdf/cmj98.pdf},
   YEAR = {1998},
   JOURNAL = {Computer Music Journal},
   TITLE = {Consonance based spectral mappings},
   AUTHOR = {William A. Sethares },
}
@ARTICLE{sethares97:specifying,
   MONTH = {10},
   PAGES = {2422--2431},
   NUMBER = {4},
   VOLUME = {102},
   KEYWORDS = {(TUNING)},
   LINK = {http://eceserv0.ece.wisc.edu/~sethares/paperspdf/specspec97.pdf},
   YEAR = {1997},
   JOURNAL = {Journal of the Acoustical Society of America},
   TITLE = {Specifying Spectra for Musical Scales},
   AUTHOR = {William A. Sethares },
}
@ARTICLE{sethares97:consonance,
   MONTH = {4},
   PAGES = {2332--2337},
   NUMBER = {4},
   VOLUME = {101},
   KEYWORDS = {(TEMPERAMENTO)},
   LINK = {http://eceserv0.ece.wisc.edu/~sethares/paperspdf/sankey97.pdf},
   YEAR = {1997},
   JOURNAL = {Journal of the Acoustical Society of America},
   TITLE = {A consonance-based approach to the harpsichord tuning of Domenico Scarlatti},
   AUTHOR = {William A. Sethares },
}
@ARTICLE{sethares94:adaptative,
   MONTH = {7},
   PAGES = {10--19},
   NUMBER = {1},
   VOLUME = {96},
   KEYWORDS = {(TEMPERAMENTO TEMPERAMENTO-ADAPTAVEL)},
   LINK = {http://eceserv0.ece.wisc.edu/~sethares/paperspdf/adaptun.pdf},
   YEAR = {1994},
   JOURNAL = {Journal of the Acoustical Society of America},
   TITLE = {Adaptive tunings for musical scales},
   AUTHOR = {William A. Sethares },
}
@ARTICLE{sethares93:consonance,
   MONTH = {9},
   PAGES = {1218--1228},
   NUMBER = {3},
   VOLUME = {94},
   KEYWORDS = {(TEMPERAMENTO)},
   LINK = {http://eceserv0.ece.wisc.edu/~sethares/paperspdf/consonance.pdf},
   YEAR = {1993},
   JOURNAL = {Journal of the Acoustical Society of America},
   TITLE = {Local consonance and the relationship between timbre and scale},
   AUTHOR = {William A. Sethares },
}
@UNPUBLISHED{lehman00:keyboard,
   YEAR = {2000},
   MONTH = {4},
   KEYWORDS = {(TEMPERAMENTO PLANILHA ANALISE)},
   ANNOTE = {
Fala sobre uma planilha que o autor criou para para
   analisar temperamentos em teclados. A planilha está em
   /home/kroger/pesquisa/temperamento/data/temper22.xls},
   LINK = {http://www-personal.umich.edu/~bpl/temper.html},
   TITLE = {Keyboard temperament analyzer/calculator},
   AUTHOR = {Bradley Lehman },
}
@UNPUBLISHED{lehman99:comparing,
   YEAR = {1999},
   MONTH = {3},
   KEYWORDS = {(TEMPERAMENTO PLANILHA ANALISE)},
   ANNOTE = {
The charts presented below contain the beat rates
   from the intervals that are available in three selected
   keyboard temperaments. I have chosen these three as
   representative samples of common styles of temperament (while
   other more extreme temperaments are also possible). Working
   upward from the bottom of this article, these beat rates are
   then used to assign integers to intervals and triads. These
   integers describe the relative purity of intonation using a 0
   to 10 rating scale. This exercise is an attempt to quantify
   key character in a manner that (I hope) is easy to
   understand. All the number-crunching is an attempt to simplify
   concepts that look more complex on paper than they are to the
   ear.},
   LINK = {http://www-personal.umich.edu/~bpl/temper-examples.html},
   TITLE = {Comparing the key characters in three temperaments},
   AUTHOR = {Bradley Lehman },
}
@UNPUBLISHED{wibberley96:josquin,
   MONTH = {7},
   NUMBER = {5},
   VOLUME = {2},
   KEYWORDS = {(TUNING FICTA JOSQUIN)},
   LINK = {http://boethius.music.ucsb.edu/mto/issues/mto.96.2.5//mto.96.2.5.wibberley.html},
   YEAR = {1996},
   JOURNAL = {Music Theory Online},
   TITLE = {Josquin's Ave Maria: Musica Ficta versus Mode},
   AUTHOR = {Roger Wibberley },
}
@UNPUBLISHED{walker96:intonational,
   MONTH = {9},
   NUMBER = {6},
   VOLUME = {2},
   KEYWORDS = {(TEMPERAMENTO PTOLEMY JOSQUIN ZARLINO)},
   LINK = {http://boethius.music.ucsb.edu/mto/issues/mto.96.2.6/mto.96.2.6.walker.html},
   YEAR = {1996},
   JOURNAL = {Music Theory Online},
   TITLE = {Intonational Injustice: A Defense of Just Intonation in the Performance of Renaissance Polyphony },
   AUTHOR = {Jonathan Walker },
}
@UNPUBLISHED{gann97:introduction,
   YEAR = {1997},
   KEYWORDS = {(TEMPERAMENTO)},
   LINK = {http://www.kylegann.com/histune.html},
   TITLE = {An Introduction to Historical Tunings},
   AUTHOR = {Kyle Gann },
}
@UNPUBLISHED{gann97:just,
   YEAR = {1997},
   KEYWORDS = {(TEMPERAMENTO)},
   LINK = {http://www.kylegann.com/tuning.html},
   TITLE = {Just Intonation Explained},
   AUTHOR = {Kyle Gann },
}
@UNPUBLISHED{gann97:anatomy,
   YEAR = {1997},
   KEYWORDS = {(TEMPERAMENTO)},
   LINK = {http://www.kylegann.com/Octave.html},
   TITLE = {Anatomy of an Octave},
   AUTHOR = {Kyle Gann },
}
@UNPUBLISHED{wilson94:scale,
   YEAR = {1994},
   KEYWORDS = {(TUNING)},
   LINK = {http://www.anaphoria.com/sctree.PDF},
   TITLE = {The Scale Tree},
   AUTHOR = {Erv Wilson },
}
@BOOK{hartshorne33:collected,
   VOLUME = {4},
   KEYWORDS = {(TUNING)},
   ANNOTE = {Citado por Erv Wilson [wilson94:scale] como referência (p. 277-280 e 578-580)},
   YEAR = {1933},
   PUBLISHER = {Harvard University Press},
   TITLE = {Collected Papers of Charles Sanders Peirce},
   EDITOR = {Charles Hartshorne AND Paul Weiss AND Arthur W. Burks },
   PROCURAR = {YES},
}
@UNPUBLISHED{terpstra:toward,
   year = {s.d.},
   KEYWORDS = {(TEMPERAMENTO)},
   LINK = {http://www.xs4all.nl/~huygensf/doc/terp31.html},
   TITLE = {TOWARD A THEORY OF MEANTONE (AND 31-ET) HARMONY},
   AUTHOR = {Siemen Terpstra },
}
@UNPUBLISHED{terpstra93:arithmetical,
   YEAR = {1993},
   KEYWORDS = {(TEMPERAMENTO)},
   LINK = {http://www.xs4all.nl/~huygensf/doc/terpstra.html},
   TITLE = {An ARITHMETICAL RUBRIC attending the distribution of best multiple-divisions},
   AUTHOR = {Siemen Terpstra },
}
@UNPUBLISHED{breed:notating,
   year = {s.d.},
   KEYWORDS = {(TEMPERAMENTO)},
   LINK = {http://www.microtonal.co.uk/notakey.htm},
   TITLE = {Notating and Keyboarding},
   AUTHOR = {Graham Breed },
}
@UNPUBLISHED{breed:5-limit,
   year = {s.d.},
   KEYWORDS = {(TEMPERAMENTO)},
   ANNOTE = {A complete list of scales that fulfil certain criteria about 5-limit harmony.},
   LINK = {http://www.microtonal.co.uk/genera.htm},
   TITLE = {5-limit scales},
   AUTHOR = {Graham Breed },
}
@UNPUBLISHED{breed:7-limit,
   year = {s.d.},
   KEYWORDS = {(TEMPERAMENTO)},
   ANNOTE = {
Some 7-limit scales fulfilling similar
     criteria. Not a complete list, because there's so much
     variety in 7-limit harmony. Includes my blues scales' which
     are well worth a listen.},
   LINK = {http://www.microtonal.co.uk/blues.htm},
   TITLE = {7-limit scales},
   AUTHOR = {Graham Breed },
}
@UNPUBLISHED{breed:lattices,
   year = {s.d.},
   KEYWORDS = {(TEMPERAMENTO)},
   ANNOTE = {
I devised my decimal notation and lattice as a way
     of representing the revolutionary Miracle tuning discovered
     by Paul Erlich and Dave Keenan. This page shows some
     examples of existing scales adapted to this new notation
     that's ideally suited for 11-limit music.},
   LINK = {http://www.microtonal.co.uk/decimal_lattice.htm},
   TITLE = {Lattices with Decimal Notation},
   AUTHOR = {Graham Breed },
}
@UNPUBLISHED{breed:decimal,
   year = {s.d.},
   KEYWORDS = {(TEMPERAMENTO)},
   LINK = {http://www.microtonal.co.uk/decimal_notation.htm},
   TITLE = {Decimal Notation},
   AUTHOR = {Graham Breed },
}
@UNPUBLISHED{breed:meantone,
   year = {s.d.},
   KEYWORDS = {(TEMPERAMENTO)},
   LINK = {http://www.microtonal.co.uk/meantone.htm},
   TITLE = {Meantone Temperaments},
   AUTHOR = {Graham Breed },
}
@UNPUBLISHED{breed:miracle,
   year = {s.d.},
   KEYWORDS = {(TEMPERAMENTO)},
   LINK = {http://www.microtonal.co.uk/miracle.htm},
   TITLE = {Miracle Temperaments},
   AUTHOR = {Graham Breed },
}
@UNPUBLISHED{breed:schismic,
   year = {s.d.},
   KEYWORDS = {(TEMPERAMENTO)},
   LINK = {http://www.microtonal.co.uk/schismic.htm},
   TITLE = {Schismic Temperaments},
   AUTHOR = {Graham Breed },
}
@UNPUBLISHED{breed:diaschismic,
   year = {s.d.},
   KEYWORDS = {(TEMPERAMENTO)},
   LINK = {http://www.microtonal.co.uk/diaschis.htm},
   TITLE = {Diaschismic Scales},
   AUTHOR = {Graham Breed },
}
@UNPUBLISHED{breed:7+3,
   year = {s.d.},
   KEYWORDS = {(TEMPERAMENTO)},
   LINK = {http://www.microtonal.co.uk/7plus3.htm},
   TITLE = {7+3 Scales},
   AUTHOR = {Graham Breed },
}
@UNPUBLISHED{breed:fourth,
   year = {s.d.},
   KEYWORDS = {(TEMPERAMENTO)},
   ANNOTE = {
This is a way of getting a conventional keyboard to
     play precise, non-meantone scales. Have a look if you always
     thought extended mappings are too difficult.},
   LINK = {http://www.microtonal.co.uk/schv12.htm},
   TITLE = {Fourth Based Keyboard Mapping},
   AUTHOR = {Graham Breed },
}
@UNPUBLISHED{breed:modified,
   year = {s.d.},
   KEYWORDS = {(TEMPERAMENTO)},
   ANNOTE = {
Demonstra alguns instrumentos modificados como uma
     guitarra e vários teclados},
   LINK = {http://www.microtonal.co.uk/instrum.htm},
   TITLE = {Modified Instruments},
   AUTHOR = {Graham Breed },
}
@UNPUBLISHED{breed:intervals,
   year = {s.d.},
   KEYWORDS = {(TEMPERAMENTO)},
   ANNOTE = {
A table showing the ratio space interpretation of
     intervals now in the extended 11-limit.},
   LINK = {http://www.microtonal.co.uk/31eq.htm},
   TITLE = {Intervals in 31 note equal temperament},
   AUTHOR = {Graham Breed },
}
@UNPUBLISHED{breed:extra,
   year = {s.d.},
   KEYWORDS = {(TEMPERAMENTOS)},
   ANNOTE = {
Várias definições rápidas. üteis para entender
     alguns artigos do site.},
   LINK = {http://www.microtonal.co.uk/xtra.htm},
   TITLE = {Extra stuff on tunings},
   AUTHOR = {Graham Breed },
}
@UNPUBLISHED{breed:octave,
   year = {s.d.},
   KEYWORDS = {(TEMPERAMENTO)},
   LINK = {http://www.microtonal.co.uk/lattice.htm},
   TITLE = {Octave Equivalent Music Lattices},
   AUTHOR = {Graham Breed },
}
@UNPUBLISHED{breed:tuning,
   year = {s.d.},
   KEYWORDS = {(TEMPERAMENTO MATRIZES)},
   LINK = {http://www.microtonal.co.uk/matrices.htm},
   TITLE = {Tuning Matrices},
   AUTHOR = {Graham Breed },
}
@UNPUBLISHED{breed:anomalous,
   year = {s.d.},
   KEYWORDS = {(TEMPERAMENTO)},
   LINK = {http://www.microtonal.co.uk/ass.htm},
   TITLE = {Anomalous Saturated Suspensions},
   AUTHOR = {Graham Breed },
}
@UNPUBLISHED{breed:catalog,
   year = {s.d.},
   KEYWORDS = {(TEMPERAMENTO)},
   LINK = {http://www.microtonal.co.uk/catalog.htm},
   TITLE = {Catalog of Linear Temperaments},
   AUTHOR = {Graham Breed },
}
@UNPUBLISHED{breed:equal,
   year = {s.d.},
   KEYWORDS = {(TEMPERAMENTO)},
   LINK = {http://www.microtonal.co.uk/et.htm},
   TITLE = {Equal Temperaments},
   AUTHOR = {Graham Breed },
}
@UNPUBLISHED{erlich98:tuning,
   PAGES = {12--40},
   VOLUME = {17},
   KEYWORDS = {(TEMPERAMENTO)},
   LINK = {http://www-math.cudenver.edu/~jstarret/22ALL.pdf},
   YEAR = {1998},
   JOURNAL = {Xenharmonikon},
   TITLE = {Tuning, Tonality, and Twenty-Two-Tone Temperament},
   AUTHOR = {Paul Erlich },
}
@UNPUBLISHED{tomes98:harmonics,
   YEAR = {1998},
   KEYWORDS = {(TEMPERAMENTO HARMONICOS HARMONIA-DO-UNIVERSO)},
   LINK = {http://homepages.ihug.co.nz/~ray.tomes/story.htm},
   TITLE = {Harmonics of the Universe},
   AUTHOR = {Ray Tomes },
}
@UNPUBLISHED{tomes96:harmonics,
   YEAR = {1996},
   KEYWORDS = {(TEMPERAMENTO HARMONICOS HARMONIA-DO-UNIVERSO PITAGORAS)},
   ANNOTE = {
Segundo o autor: The following is text has been
     produced with permission of the participants from
     conversations that took place in the group Alexandria City
     in August 1996. The discussion group is based on the city of
     Alexandria and so is a centre for anything relating to
     philosophy, history, music, mathematics or cosmology with
     particular reference to Greek knowledge. The main
     participants in this particular discussion were the
     listmistress of Alexandria, Cynndara Morgan, Andrew Green,
     Joseph Milne, and me, Ray Tomes. Several others also
     participate. This first part contains my presentation and
     the following 3 pages have the discussion.'},
   LINK = {http://homepages.ihug.co.nz/~ray.tomes/alex.htm},
   TITLE = {Harmonics, Music, Pythagoras and the Universe},
   ORGANIZER = {(RAY TOMES)},
}
@UNPUBLISHED{tomes:automatic,
   year = {s.d.},
   KEYWORDS = {(TEMPERAMENTO TEMPERAMENTO-ADAPTAVEL)},
   LINK = {http://homepages.ihug.co.nz/~ray.tomes/aji.htm},
   TITLE = {Automatic Just Intonation},
   AUTHOR = {Ray Tomes },
}
@UNPUBLISHED{overtion:distinctions,
   year = {s.d.},
   KEYWORDS = {(TEMPERAMENTO)},
   LINK = {http://eamusic.dartmouth.edu/~kov/lerdahl/tuningPaper.html},
   TITLE = {Distinctions Between Just-tuned Key Areas Within Musical Contexts},
   AUTHOR = {Ken Overtion },
}
@UNPUBLISHED{asmussen97:tuning,
   YEAR = {1997},
   KEYWORDS = {(TEMPERAMENTO)},
   LINK = {http://www.leeds.ac.uk/music/studio/rproj_swss/tuning/httoc.htm},
   TITLE = {Tuning by Ratios},
   AUTHOR = {Robert Asmussen },
}
@UNPUBLISHED{ozzard-low:21st,
   YEAR = {1997},
   KEYWORDS = {(TEMPERAMENTO INSTRUMENTOS)},
   LINK = {http://www.c21-orch-instrs.demon.co.uk/},
   INSTITUTION = {
ALTERNATIVE TUNING PROJECTS, UK in association
     with LONDON GUILDHALL UNIVERSITY },
   TITLE = {
21st Century Orchestral Instruments: Acoustic
     instruments for alternative tuning systems},
   AUTHOR = {Patrick Ozzard-Low },
}
@UNPUBLISHED{allen97:notation,
   YEAR = {1997},
   KEYWORDS = {(TEMPERAMENTO NOTACAO)},
   LINK = {http://www.bikexprt.com/music/notation.htm},
   TITLE = {Notation for microtonal scales, part 1},
   AUTHOR = {John S. Allen },
}
@UNPUBLISHED{allen97:rabbits,
   YEAR = {1997},
   KEYWORDS = {(TEMPERAMENTO MATEMATICA-E-MUSICA FIBONACCI)},
   LINK = {http://www.bikexprt.com/tunings/fibonaci.htm},
   TITLE = {On Rabbits, Mathematics and Musical Scales},
   AUTHOR = {John S. Allen },
}
@UNPUBLISHED{allen03:equal,
   YEAR = {2003},
   KEYWORDS = {(TEMPERAMENTO MATEMATICA-E-MUSICA)},
   LINK = {http://www.bikexprt.com/tunings/tunings0.htm},
   TITLE = {Equal temperaments as mathematical series},
   AUTHOR = {John S. Allen },
}
@UNPUBLISHED{allen97:defining,
   YEAR = {1997},
   KEYWORDS = {(TEMPERAMENTO MATEMATICA-E-MUSICA)},
   LINK = {http://www.bikexprt.com/tunings/tunings1.htm},
   TITLE = {Defining octaves separately from steps within the octave},
   AUTHOR = {John S. Allen },
}
@UNPUBLISHED{allen03:some,
   YEAR = {2003},
   KEYWORDS = {(TEMPERAMENTO MATEMATICA-E-MUSICA)},
   LINK = {http://www.bikexprt.com/tunings/tunings2.htm},
   TITLE = {Some applications of the two-dimensional tuning matrix},
   AUTHOR = {John S. Allen },
}
@UNPUBLISHED{allen03:matrix,
   YEAR = {2003},
   KEYWORDS = {(TEMPERAMENTO MATEMATICA-E-MUSICA LATTICE)},
   LINK = {http://www.bikexprt.com/tunings/tunings3.htm},
   TITLE = {Matrix tunings and the permutation lattice},
   AUTHOR = {John S. Allen },
}
@UNPUBLISHED{allen97:rethinking,
   YEAR = {1997},
   KEYWORDS = {(TEMPERAMENTO INSTRUMENTOS)},
   LINK = {http://www.bikexprt.com/music/keyboard.htm},
   TITLE = {Rethinking the music keyboard},
   AUTHOR = {John S. Allen },
}
@UNPUBLISHED{allen97:refining,
   YEAR = {1997},
   KEYWORDS = {(TEMPERAMENTO INSTRUMENTOS)},
   LINK = {http://www.bikexprt.com/music/refine.htm},
   TITLE = {Refining traditional music keyboard design},
   AUTHOR = {John S. Allen },
}
@UNPUBLISHED{allen97:general,
   YEAR = {1997},
   KEYWORDS = {(TEMPERAMENTO INSTRUMENTOS)},
   LINK = {http://www.bikexprt.com/music/bosanqet.htm},
   TITLE = {The general keyboard in the age of MIDI},
   AUTHOR = {John S. Allen },
}
@UNPUBLISHED{anonimo:microtonal,
   year = {s.d.},
   KEYWORDS = {(TEMPERAMENTO)},
   ANNOTE = {
Lista com diversas escalas, bom para usar as
     frequências em algum programa como csound. Bom como
     referência rápida.},
   TITLE = {Microtonal Scales},
   AUTHOR = {Anônimo },
}
@UNPUBLISHED{scholtz98:algorithms,
   NUMBER = {4},
   VOLUME = {4},
   KEYWORDS = {(TEMPERAMENTO INSTRUMENTOS TECLADO)},
   LINK = {http://boethius.music.ucsb.edu/mto/issues/mto.98.4.4/toc.4.4.html},
   YEAR = {1998},
   JOURNAL = {Music Theory Online},
   TITLE = {Algorithms for Mapping Diatonic Keyboard Tunings and Temperaments},
   AUTHOR = {Kenneth P. Scholtz },
}
@UNPUBLISHED{bohlen03:history,
   YEAR = {2003},
   KEYWORDS = {(TEMPERAMENTO BOHLEN-PIERCE)},
   LINK = {http://members.aol.com/bpsite/references2.html},
   TITLE = {BP History, Literature and Compositions},
   AUTHOR = {Heinz Bohlen },
}
@UNPUBLISHED{bohlen03:names,
   YEAR = {2003},
   KEYWORDS = {(TEMPERAMENTO BOHLEN-PIERCE)},
   LINK = {http://members.aol.com/bpsite/names.html},
   TITLE = {BP Names and Definitions},
   AUTHOR = {Heinz Bohlen },
}
@UNPUBLISHED{bohlen03:scale,
   YEAR = {2003},
   KEYWORDS = {(TEMPERAMENTO BOHLEN-PIERCE)},
   LINK = {http://members.aol.com/bpsite/scales.html},
   TITLE = {BP Scale Structures},
   AUTHOR = {Heinz Bohlen },
}
@UNPUBLISHED{site02:interval,
   YEAR = {2002},
   KEYWORDS = {(TEMPERAMENTO BOHLEN-PIERCE)},
   LINK = {http://members.aol.com/bpsite/intervals.html},
   TITLE = {BP Interval Properties},
   AUTHOR = {Heinz Bohlen },
}
@UNPUBLISHED{site04:tuning,
   YEAR = {2004},
   KEYWORDS = {(TEMPERAMENTO BOHLEN-PIERCE)},
   LINK = {http://members.aol.com/bpsite/tuning.html},
   TITLE = {BP Tuning and Instruments},
   AUTHOR = {Heinz Bohlen },
}
@UNPUBLISHED{bohlen04:pythagorean,
   YEAR = {2004},
   KEYWORDS = {(TEMPERAMENTO BOHLEN-PIERCE)},
   LINK = {http://members.aol.com/bpsite/pythagorean.html},
   TITLE = {On Pythagorean' Scale Derivation},
   AUTHOR = {Heinz Bohlen },
}
@UNPUBLISHED{benson03:mathematics,
   YEAR = {2003},
   KEYWORDS = {(TEMPERAMENTO MATEMATICA-E-MUSICA)},
   LINK = {http://www.math.uga.edu/~djb/html/music-hq.pdf},
   TITLE = {Mathematics and Music},
   AUTHOR = {Dave Benson },
}
@UNPUBLISHED{ouvrard98:zarlino,
   YEAR = {1998},
   KEYWORDS = {(TEMPERAMENTO ZARLINO)},
   LINK = {http://virga.org/zarlino/},
   TITLE = {ZARLINO: Justesse a cappella à la Renaissance},
   AUTHOR = {Yves Ouvrard AND Jean-Pierre Vidal AND Olivier Bettens },
}
@UNPUBLISHED{rahn98:practical,
   NUMBER = {6},
   VOLUME = {4},
   KEYWORDS = {(TEMPERAMENTO)},
   LINK = {http://www.smt.ucsb.edu/mto/issues/mto.98.4.6/mto.98.4.6.rahn.html},
   YEAR = {1998},
   JOURNAL = {Music Theory Online},
   TITLE = {Practical Aspects of Marchetto's Tuning},
   AUTHOR = {Jay Rahn },
}
@UNPUBLISHED{denckla97:dynamic,
   KEYWORDS = {(TEMPERAMENTO TEMPERAMENTO-ADAPTAVEL)},
   LINK = {http://xenia.media.mit.edu/~bdenckla/thesis/texts/htthe/main.html},
   WHEREIS = {Compilação temperamento},
   YEAR = {1997},
   SCHOOL = {Massachusetts Institute of Technology},
   TITLE = {Dynamic Intonation in Synthesizer Performance},
   AUTHOR = {Benjamin Frederick Denckla },
}
@UNPUBLISHED{coul:tuning,
   year = {s.d.},
   HOWPUBLISHED = {Internet},
   TITLE = {Tuning and temperament bibliography},
   AUTHOR = {Manuel Op De Coul AND Brian Mclaren AND Franck Jedrzejewski AND Dominique Devie },
   KEYWORDS = {(TEMPERAMENTO)},
   ANNOTE = {Extensa bibliografia compilada por  Manuel op de Coul},
   LINK = {http://www.xs4all.nl/~huygensf/doc/bib.html},
}
@UNPUBLISHED{kopiez03:intonation,
   PAGES = {383--410},
   NUMBER = {4},
   VOLUME = {20},
   KEYWORDS = {(TEMPERAMENTO)},
   ANNOTE = {
Ele faz um estudo com trompetistas para ver se eles
     adaptam a afinação aos sistemas temperado e justo. Contudo,
     na minha opnião, não é conclusivo porque só usou 2 sujeitos!
     ainda assim ele tira conclusões.},
   YEAR = {2003},
   JOURNAL = {Music Perception},
   TITLE = {
Intonation of Harmonic Intervals: Adaptability of
     Expert Musicians to Equal Temperament and Just Intonation},
   AUTHOR = {Reinhard Kopiez },
}
@UNPUBLISHED{marvinsi:effect,
   PAGES = {111--137},
   NUMBER = {2},
   VOLUME = {18},
   KEYWORDS = {(PERFECT-PITCH)},
   YEAR = {2000},
   JOURNAL = {Music Perception},
   TITLE = {
The Effect of Key Color and Timbre on Absolute-Pitch
     Recognition in Musical Contexts},
   AUTHOR = {Elizabeth Marvin AND Aleck Brinkman },
}
@UNPUBLISHED{laubier98:meta-instrument,
   PAGES = {25--29},
   NUMBER = {1},
   VOLUME = {22},
   KEYWORDS = {(COMPUTER-MUSIC)},
   YEAR = {1998},
   JOURNAL = {Computer Music Journal},
   TITLE = {The Meta-Instrument },
   AUTHOR = {Serge De Laubier },
}
@UNPUBLISHED{haken98:indiscrete,
   PAGES = {30--48},
   NUMBER = {1},
   VOLUME = {22},
   KEYWORDS = {(COMPUTER-MUSIC TEMPERAMENTO INSTRUMENTOS)},
   YEAR = {1998},
   JOURNAL = {Computer Music Journal},
   TITLE = {An Indiscrete Music Keyboard},
   AUTHOR = {Lippold Haken AND Ed Tellman AND Patrick Wolfe },
}
@UNPUBLISHED{sethares98:consonance-based,
   PAGES = {56--72},
   NUMBER = {1},
   VOLUME = {22},
   KEYWORDS = {(COMPUTER-MUSIC TUNING CONSONANCIA)},
   YEAR = {1998},
   JOURNAL = {Computer Music Journal},
   TITLE = {Consonance-Based Spectral Mappings },
   AUTHOR = {William Sethares },
}
@UNPUBLISHED{fascicolo01:simulazione,
   KEYWORDS = {(TEMPERAMENTO MUSICA-GREGA)},
   ANNOTE = {
Vi apenas alguns trechos, não parece ser
     particularmente bem feita, mas pode valer apena ter. Custa
     24 Euros.},
   LINK = {http://tesionline.corriere.it/default/tesi.asp?idt=5424},
   YEAR = {2001},
   SCHOOL = {Università degli Studi di Bari},
   TITLE = {Simulazione della musica greca antica con il Mathematica},
   AUTHOR = {V. M. Fascicolo },
   PROCURAR = {YES},
}
@UNPUBLISHED{gould00:balzano,
   PAGES = {88--105},
   NUMBER = {2},
   VOLUME = {38},
   KEYWORDS = {(TEMPERAMENTO ESCALAS)},
   ANNOTE = {
Interessante artigo sobre utilização composicional
     de escalas e sistemas de temperamento.},
   YEAR = {2000},
   JOURNAL = {Perspectives of New Music},
   TITLE = {Balzano and Zweifel: Another Look at Generalized Diatonic Scales},
   AUTHOR = {Mark Gould },
}
@UNPUBLISHED{neal00:art,
   PAGES = {159--171},
   NUMBER = {4},
   VOLUME = {19},
   KEYWORDS = {(TEMPERAMENTO TECLADOS)},
   ANNOTE = {
Ilustra temperamentos de modo que eles possam ser
     usados na prática de teclado contemporânea.},
   YEAR = {2000},
   JOURNAL = {#cmr},
   TITLE = {The Art and Science of Keyboard Temperament},
   AUTHOR = {Simon Neal },
}
@UNPUBLISHED{brattico02:context,
   PAGES = {199--222},
   NUMBER = {2},
   VOLUME = {19},
   KEYWORDS = {(PERFECT-PITCH)},
   YEAR = {2002},
   JOURNAL = {Music Perception},
   TITLE = {
Context effects on pitch perception in musicians and
     non-musicians: Evidence from ERP recordings},
   AUTHOR = {Elvira Brattico AND Risto Näätänen AND Mari Tervaniemi },
}
@UNPUBLISHED{schneider00:inharmonic,
   PAGES = {275--301},
   NUMBER = {4},
   VOLUME = {29},
   KEYWORDS = {(TEMPERAMENTO PERCEPCAO CONSONANCIA)},
   YEAR = {2000},
   JOURNAL = {Journal of New Music Research},
   TITLE = {Inharmonic Sounds: Implications as to 'Pitch', 'Timbre' and 'Consonance'},
   AUTHOR = {Albrecht Schneider },
}
@UNPUBLISHED{akkoc02:non-deterministic,
   PAGES = {285--293},
   NUMBER = {4},
   VOLUME = {31},
   KEYWORDS = {(TEMPERAMENTO)},
   ANNOTE = {Pesquisa a fundação matematica de escalas turcas baseado na gravação e análise. Traz tabela com nome de notas de uma escala com frequencias em Hertz.},
   YEAR = {2002},
   JOURNAL = {Journal of New Music Research},
   TITLE = {Non-Deterministic Scales Used in Traditional Turkish Music},
   AUTHOR = {Can Akkoç },
}
@UNPUBLISHED{jarvelaïnen02:perception,
   PAGES = {311--319},
   NUMBER = {4},
   VOLUME = {31},
   KEYWORDS = {(PERCEPCAO)},
   YEAR = {2002},
   JOURNAL = {Journal of New Music Research},
   TITLE = {Perception and Adjustment of Pitch in Inharmonic String Instrument Tones},
   AUTHOR = {Hanna Jarvelaïnen AND Tony Verma AND Vesa Välimäki },
}
@UNPUBLISHED{freed00:new,
   PUBLISHER = {#cma},
   ADDRESS = {San Francisco},
   PAGES = {515--518},
   KEYWORDS = {(TEMPERAMENTO INSTRUMENTOS)},
   YEAR = {2000},
   BOOKTITLE = {#icmc 2000},
   TITLE = {A New Music Keyboard with Continuous Key-Position Sensing and High-Speed Communication},
   AUTHOR = {Adrian Freed AND Rimas Avizienis },
}
@UNPUBLISHED{tiella03:musical,
   KEYWORDS = {(TEMPERAMENTO INSTRUMENTOS)},
   ANNOTE = {Artigos da conferência disponíveis na URL citada.},
   LINK = {http://www.muzykologia.uj.edu.pl/conference/papers.html},
   YEAR = {2003},
   BOOKTITLE = {Early Music: Context and Ideas},
   TITLE = {Musical experience gained through working with the archicembalo reconstruction of the chromatic-enharmonic instrument from N. Vicentino, L'Antica Musica Ridotta alla Moderna Prattica, Barre, Roma 1555},
   AUTHOR = {Marco Tiella },
}
@UNPUBLISHED{wright98:implementation,
   PUBLISHER = {#cma},
   ADDRESS = {San Francisco},
   PAGES = {224--227},
   KEYWORDS = {(COMPUTER-MUSIC)},
   YEAR = {1998},
   BOOKTITLE = {#icmc 1998},
   TITLE = {Implementation and Performance Issues with OpenSound Control},
   AUTHOR = {Matthew Wright },
}
@UNPUBLISHED{cartwright02:aesthetics,
   PAGES = {51--58},
   NUMBER = {1},
   VOLUME = {31},
   KEYWORDS = {(TEMPERAMENTO)},
   ANNOTE = {Propõe escalas formadas a partir da seção aurea mas com sistema de temperamento próprio, proximo do temperamento igual.},
   YEAR = {2002},
   JOURNAL = {Journal of New Music Research},
   TITLE = {Aesthetics, Dynamics, and Musical Scales: A Golden Connection},
   AUTHOR = {Julyan H. E. Cartwright AND Diego L. González AND Oreste Piro AND Domenico Stanzial },
}
@UNPUBLISHED{erlich01:forms,
   YEAR = {2001},
   KEYWORDS = {(TEMPERAMENTO)},
   ANNOTE = {Ilustra os conceitos de lattices, escalas, peridiocidade e sistema de notação para limite-5 e limite-7.},
   LINK = {http://lumma.org/tuning/erlich/erlich-tFoT.pdf},
   TITLE = {The Forms of Tonality: a preview},
   AUTHOR = {Paul Erlich },
}
@UNPUBLISHED{code02:groven.max,
   PAGES = {50--61},
   NUMBER = {2},
   VOLUME = {26},
   KEYWORDS = {(TEMPERAMENTO)},
   YEAR = {2002},
   JOURNAL = {Computer Music Journal},
   TITLE = {Groven.Max: An Adaptive Tuning System for MIDI Pianos},
   AUTHOR = {David Løberg Code },
}
@UNPUBLISHED{gräf02:musical,
   KEYWORDS = {(TEMPERAMENTO)},
   ANNOTE = {Fala sobre lattice, implementa um programa scale que aceita arquivos do scala como entrada.},
   YEAR = {2002},
   SCHOOL = {Johannes Gutenberg-University Mainz},
   TITLE = {Musical scale rationalization a graph-theoretic approach},
   AUTHOR = {Albert Gräf },
}
@UNPUBLISHED{asmussen01:periodicity,
   KEYWORDS = {(TEMPERAMENTO)},
   YEAR = {2001},
   SCHOOL = {The University of Leeds},
   TITLE = {Periodicity of sinusoidal frequencies as a basis for the analysis of Baroque and Classical harmony: a computer based study},
   AUTHOR = {Robert Asmussen },
}
@UNPUBLISHED{buchler00:broken,
   PAGES = {52--87},
   NUMBER = {2},
   VOLUME = {38},
   KEYWORDS = {(TEMPERAMENTO)},
   YEAR = {2000},
   JOURNAL = {Perspectives of New Music},
   TITLE = {Broken and Unbroken Interval Cycles and Their Use in Determining Pitch-Class Set Resemblance},
   AUTHOR = {Michael Buchler },
}
@UNPUBLISHED{wright97:open,
   ORGANIZATION = {#cma},
   ADDRESS = {San Francisco},
   PAGES = {101--104},
   KEYWORDS = {(TEMPERAMENTO)},
   YEAR = {1997},
   BOOKTITLE = {#proc 1997},
   TITLE = {Open SoundControl: A New Protocol for Communicating with Sound Synthesizers},
   AUTHOR = {Matthew Wright AND Adrian Freed },
}
@BOOK{doty02:just,
   ADDRESS = {San Francisco},
   KEYWORDS = {(TEMPERAMENTO)},
   YEAR = {2002},
   PUBLISHER = {The Just Intonation Network},
   TITLE = {The Just Intonation Primer},
   AUTHOR = {David B. Doty },
}
@UNPUBLISHED{breed:miracle-mappings,
   year = {s.d.},
   KEYWORDS = {(TEMPERAMENTO)},
   LINK = {http://www.microtonal.co.uk/miracle/keyboard.html},
   TITLE = {Miracle keyboard mappings},
   AUTHOR = {Graham Breed },
}
@ARTICLE{burt98:adventures,
   YEAR = {1998},
   VOLUME = {10},
   NUMBER = {1},
   AUTHOR = {Warren Burt },
   JOURNAL = {1/1, the Journal of the Just Intonation Network},
   TITLE = {Adventures in Scale Generation Along a Wilsonian Path, Part 1},
   KEYWORDS = {(TEMPERAMENTO)},
}
@ARTICLE{doty88:abundance,
   YEAR = {1988},
   VOLUME = {4},
   NUMBER = {2},
   AUTHOR = {David B. Doty },
   JOURNAL = {1/1, the Journal of the Just Intonation Network},
   TITLE = {An Abundance of Thirds},
   KEYWORDS = {(TEMPERAMENTO)},
}
@ARTICLE{siegel87:algorithmic,
   YEAR = {1987},
   VOLUME = {3},
   NUMBER = {4},
   AUTHOR = {R. Siegel },
   JOURNAL = {1/1, the Journal of the Just Intonation Network},
   TITLE = {Algorithmic Tuning Via MIDI},
   KEYWORDS = {(TEMPERAMENTO)},
}
@ARTICLE{sloper88:aliquot,
   YEAR = {1988},
   VOLUME = {4},
   NUMBER = {1},
   AUTHOR = {Michael Sloper },
   JOURNAL = {1/1, the Journal of the Just Intonation Network},
   TITLE = {Aliquot Scales},
   KEYWORDS = {(TEMPERAMENTO)},
}
@ARTICLE{waage88:anomalies,
   YEAR = {1988},
   VOLUME = {4},
   NUMBER = {3},
   AUTHOR = {Harold Waage },
   JOURNAL = {1/1, the Journal of the Just Intonation Network},
   TITLE = {Anomalies in Chords Derived from Chains of Thirds},
   KEYWORDS = {(TEMPERAMENTO)},
}
@ARTICLE{doty89:anomalous,
   YEAR = {1989},
   VOLUME = {5},
   NUMBER = {1},
   AUTHOR = {David B. Doty },
   JOURNAL = {1/1, the Journal of the Just Intonation Network},
   TITLE = {Anomalous Pairs in Paradigms Lost'},
   KEYWORDS = {(TEMPERAMENTO)},
}
@ARTICLE{chalmers94:anticipation,
   YEAR = {1994},
   VOLUME = {8},
   NUMBER = {2},
   AUTHOR = {John H. Chalmers },
   JOURNAL = {1/1, the Journal of the Just Intonation Network},
   TITLE = {An Anticipation of the Partch Diamond in Augosto Navarro's SystemaNatural Base del Natural-Aproximado (1927)},
   KEYWORDS = {(TEMPERAMENTO)},
}
@ARTICLE{doty86:assortment,
   YEAR = {1986},
   VOLUME = {2},
   NUMBER = {1},
   AUTHOR = {David B. Doty },
   JOURNAL = {1/1, the Journal of the Just Intonation Network},
   TITLE = {An Assortment of Commas (and Other Irritants) * (charts},
   KEYWORDS = {(TEMPERAMENTO)},
}
@ARTICLE{harrison91:blessed,
   YEAR = {1991},
   VOLUME = {7},
   NUMBER = {1},
   AUTHOR = {Lou Harrison },
   JOURNAL = {1/1, the Journal of the Just Intonation Network},
   TITLE = {Blessed Be Translators, for They Give Us Worlds},
   KEYWORDS = {(TEMPERAMENTO)},
}
@ARTICLE{schneider94:bringing,
   YEAR = {1994},
   VOLUME = {8},
   NUMBER = {4},
   AUTHOR = {John Schneider },
   JOURNAL = {1/1, the Journal of the Just Intonation Network},
   TITLE = {Bringing Back Barstow},
   KEYWORDS = {(TEMPERAMENTO)},
}
@ARTICLE{polansky90:canon,
   YEAR = {1990},
   VOLUME = {6},
   NUMBER = {2},
   AUTHOR = {Larry Polansky },
   JOURNAL = {1/1, the Journal of the Just Intonation Network},
   TITLE = {Canon for Flute* (Score},
   KEYWORDS = {(TEMPERAMENTO)},
}
@ARTICLE{ayers95:chinese,
   YEAR = {1995},
   VOLUME = {9},
   NUMBER = {2},
   AUTHOR = {Lydia Ayers },
   JOURNAL = {1/1, the Journal of the Just Intonation Network},
   TITLE = {The Chinese Connection: Harry Partch and the Li Po Settings},
   KEYWORDS = {(TEMPERAMENTO)},
}
@ARTICLE{oldani90:classical,
   YEAR = {1990},
   VOLUME = {6},
   NUMBER = {2},
   AUTHOR = {Norbert L Oldani },
   JOURNAL = {1/1, the Journal of the Just Intonation Network},
   TITLE = {Classical Techniques Revisited},
   KEYWORDS = {(TEMPERAMENTO)},
}
@ARTICLE{harrison89:cloverleaf,
   YEAR = {1989},
   VOLUME = {5},
   NUMBER = {2},
   AUTHOR = {Lou Harrison },
   JOURNAL = {1/1, the Journal of the Just Intonation Network},
   TITLE = {Cloverleaf},
   KEYWORDS = {(TEMPERAMENTO)},
}
@ARTICLE{chalmers92:compendium,
   YEAR = {1992},
   VOLUME = {7},
   NUMBER = {4},
   AUTHOR = {John H. Chalmers },
   JOURNAL = {1/1, the Journal of the Just Intonation Network},
   TITLE = {A Compendium of Twelve-tone Scales in Five-limit Just Intonation},
   KEYWORDS = {(TEMPERAMENTO)},
}
@ARTICLE{frantz88:composing,
   YEAR = {1988},
   VOLUME = {4},
   NUMBER = {1},
   AUTHOR = {Glen Frantz },
   JOURNAL = {1/1, the Journal of the Just Intonation Network},
   TITLE = {Composing in Scaleless Space},
   KEYWORDS = {(TEMPERAMENTO)},
}
@ARTICLE{polansky85:confessions,
   YEAR = {1985},
   VOLUME = {1},
   NUMBER = {1},
   AUTHOR = {Larry Polansky },
   JOURNAL = {1/1, the Journal of the Just Intonation Network},
   TITLE = {Confessions of a Lousy Carpenter},
   KEYWORDS = {(TEMPERAMENTO)},
}
@ARTICLE{terpstra91:correspondence,
   YEAR = {1991},
   VOLUME = {7},
   NUMBER = {2},
   AUTHOR = {Siemen Terpstra },
   JOURNAL = {1/1, the Journal of the Just Intonation Network},
   TITLE = {Correspondence (concerning W.D. Mohr's 'Five')},
   KEYWORDS = {(TEMPERAMENTO)},
}
@ARTICLE{j96:correspondence,
   YEAR = {1996},
   VOLUME = {9},
   NUMBER = {3},
   AUTHOR = {Daniel J },
   JOURNAL = {1/1, the Journal of the Just Intonation Network},
   TITLE = {Correspondence (More about Notation)},
   KEYWORDS = {(TEMPERAMENTO)},
}
@ARTICLE{massey88:creating,
   YEAR = {1988},
   VOLUME = {4},
   NUMBER = {4},
   AUTHOR = {James G Massey },
   JOURNAL = {1/1, the Journal of the Just Intonation Network},
   TITLE = {Creating an Acoustic Ensemble},
   KEYWORDS = {(TEMPERAMENTO)},
}
@ARTICLE{s94:dream,
   YEAR = {1994},
   VOLUME = {8},
   NUMBER = {3},
   AUTHOR = {Sandy Mccrosky },
   JOURNAL = {1/1, the Journal of the Just Intonation Network},
   TITLE = {Dream Analysis},
   KEYWORDS = {(TEMPERAMENTO)},
}
@ARTICLE{doty87:dx7,
   YEAR = {1987},
   VOLUME = {3},
   NUMBER = {4},
   AUTHOR = {David B. Doty },
   JOURNAL = {1/1, the Journal of the Just Intonation Network},
   TITLE = {The DX7 II: A First Look},
   KEYWORDS = {(TEMPERAMENTO)},
}
@ARTICLE{scholz87:evaluation,
   YEAR = {1987},
   VOLUME = {3},
   NUMBER = {4},
   AUTHOR = {Carter Scholz },
   JOURNAL = {1/1, the Journal of the Just Intonation Network},
   TITLE = {The E! Evaluation},
   KEYWORDS = {(TEMPERAMENTO)},
}
@ARTICLE{doty85:editorial,
   YEAR = {1985},
   VOLUME = {1},
   NUMBER = {1},
   AUTHOR = {David B. Doty },
   JOURNAL = {1/1, the Journal of the Just Intonation Network},
   TITLE = {Editorial},
   KEYWORDS = {(TEMPERAMENTO)},
}
@ARTICLE{siegel90:emancipation,
   YEAR = {1990},
   VOLUME = {6},
   NUMBER = {2},
   AUTHOR = {Jules Siegel },
   JOURNAL = {1/1, the Journal of the Just Intonation Network},
   TITLE = {The Emancipation of the Higher Harmonic},
   KEYWORDS = {(TEMPERAMENTO)},
}
@ARTICLE{siegel90:emu,
   YEAR = {1990},
   VOLUME = {6},
   NUMBER = {2},
   AUTHOR = {Jules Siegel },
   JOURNAL = {1/1, the Journal of the Just Intonation Network},
   TITLE = {Emu Proteus for Just Intonation},
   KEYWORDS = {(TEMPERAMENTO)},
}
@ARTICLE{rush94:enhanced,
   YEAR = {1994},
   VOLUME = {8},
   NUMBER = {2},
   AUTHOR = {Loren Rush },
   JOURNAL = {1/1, the Journal of the Just Intonation Network},
   TITLE = {The Enhanced Piano},
   KEYWORDS = {(TEMPERAMENTO)},
}
@ARTICLE{rich88:ensoniq,
   YEAR = {1988},
   VOLUME = {4},
   NUMBER = {3},
   AUTHOR = {Robert Rich },
   JOURNAL = {1/1, the Journal of the Just Intonation Network},
   TITLE = {Ensoniq EPS: A New Toy in Town},
   KEYWORDS = {(TEMPERAMENTO)},
}
@ARTICLE{grady91:ervin,
   YEAR = {1991},
   VOLUME = {7},
   NUMBER = {1},
   AUTHOR = {Kraig Grady },
   JOURNAL = {1/1, the Journal of the Just Intonation Network},
   TITLE = {Ervin Wilson's Hexany},
   KEYWORDS = {(TEMPERAMENTO)},
}
@ARTICLE{gilmore86:european,
   YEAR = {1986},
   VOLUME = {2},
   NUMBER = {1},
   AUTHOR = {Bob Gilmore },
   JOURNAL = {1/1, the Journal of the Just Intonation Network},
   TITLE = {A European Perspective on Partch},
   KEYWORDS = {(TEMPERAMENTO)},
}
@ARTICLE{hill88:example,
   YEAR = {1988},
   VOLUME = {4},
   NUMBER = {4},
   AUTHOR = {Ralph David Hill },
   JOURNAL = {1/1, the Journal of the Just Intonation Network},
   TITLE = {An Example of the 48:49 Sixth-tone Step},
   KEYWORDS = {(TEMPERAMENTO)},
}
@ARTICLE{rich93:features,
   YEAR = {1993},
   VOLUME = {8},
   NUMBER = {1},
   AUTHOR = {Robert Rich },
   JOURNAL = {1/1, the Journal of the Just Intonation Network},
   TITLE = {Features of Tunable MIDI Synthesizers},
   KEYWORDS = {(TEMPERAMENTO)},
}
@ARTICLE{canright90:fibonacci,
   YEAR = {1990},
   VOLUME = {6},
   NUMBER = {4},
   AUTHOR = {David Canright },
   JOURNAL = {1/1, the Journal of the Just Intonation Network},
   TITLE = {Fibonacci Gamelan Rhythms},
   KEYWORDS = {(TEMPERAMENTO)},
}
@ARTICLE{mohr90:five,
   YEAR = {1990},
   VOLUME = {6},
   NUMBER = {3},
   AUTHOR = {W Mohr },
   JOURNAL = {1/1, the Journal of the Just Intonation Network},
   TITLE = {'Five': A Tuning Exercise},
   KEYWORDS = {(TEMPERAMENTO)},
}
@ARTICLE{wolf90:four,
   YEAR = {1990},
   VOLUME = {6},
   NUMBER = {3},
   AUTHOR = {Daniel Wolf },
   JOURNAL = {1/1, the Journal of the Just Intonation Network},
   TITLE = {Four Tunings for Sound Environments},
   KEYWORDS = {(TEMPERAMENTO)},
}
@ARTICLE{canright00:fret,
   YEAR = {2000},
   VOLUME = {10},
   NUMBER = {3},
   AUTHOR = {David Canright },
   JOURNAL = {1/1, the Journal of the Just Intonation Network},
   TITLE = {Fret Choices for Just Intonation Guitars (or Fretting About Fretting)},
   KEYWORDS = {(TEMPERAMENTO)},
}
@ARTICLE{doty94:partch,
   YEAR = {1994},
   VOLUME = {8},
   NUMBER = {4},
   AUTHOR = {David B. Doty },
   JOURNAL = {1/1, the Journal of the Just Intonation Network},
   TITLE = {From the Editor: Harry Partch and the Just Intonation Network},
   KEYWORDS = {(TEMPERAMENTO)},
}
@ARTICLE{doty01:microfest,
   YEAR = {2001},
   VOLUME = {10},
   NUMBER = {4},
   AUTHOR = {David B. Doty },
   JOURNAL = {1/1, the Journal of the Just Intonation Network},
   TITLE = {From the Editor: Microfest 2001 and Other Matters},
   KEYWORDS = {(TEMPERAMENTO)},
}
@ARTICLE{doty94:network,
   YEAR = {1994},
   VOLUME = {8},
   NUMBER = {2},
   AUTHOR = {David B. Doty },
   JOURNAL = {1/1, the Journal of the Just Intonation Network},
   TITLE = {From the Editor: State of the Network, January 1994},
   KEYWORDS = {(TEMPERAMENTO)},
}
@ARTICLE{anderson85:glen,
   YEAR = {1985},
   VOLUME = {1},
   NUMBER = {1},
   AUTHOR = {Carola B Anderson },
   JOURNAL = {1/1, the Journal of the Just Intonation Network},
   TITLE = {Glen Branca and the Harmonic Series},
   KEYWORDS = {(TEMPERAMENTO)},
}
@ARTICLE{polansky85:guest,
   YEAR = {1985},
   VOLUME = {1},
   NUMBER = {2},
   AUTHOR = {Larry Polansky },
   JOURNAL = {1/1, the Journal of the Just Intonation Network},
   TITLE = {Guest Editorial},
   KEYWORDS = {(TEMPERAMENTO)},
}
@ARTICLE{canright88:harmonic-melodic,
   YEAR = {1988},
   VOLUME = {4},
   NUMBER = {2},
   AUTHOR = {David Canright },
   JOURNAL = {1/1, the Journal of the Just Intonation Network},
   TITLE = {Harmonic-Melodic Diagrams},
   KEYWORDS = {(TEMPERAMENTO)},
}
@ARTICLE{chalmers92:harmonic,
   YEAR = {1992},
   VOLUME = {7},
   NUMBER = {3},
   AUTHOR = {John H. Chalmers },
   JOURNAL = {1/1, the Journal of the Just Intonation Network},
   TITLE = {Harmonic and Subharmonic Versions of Kathleen Schlesinger's Harmoniai},
   KEYWORDS = {(TEMPERAMENTO)},
}
@ARTICLE{fonville91:harmonic,
   YEAR = {1991},
   VOLUME = {7},
   NUMBER = {2},
   AUTHOR = {John Fonville },
   JOURNAL = {1/1, the Journal of the Just Intonation Network},
   TITLE = {Harmonic Resources of Extended Just Intonation},
   KEYWORDS = {(TEMPERAMENTO)},
}
@ARTICLE{rich87:harmonic,
   YEAR = {1987},
   VOLUME = {3},
   NUMBER = {1},
   AUTHOR = {Robert Rich },
   JOURNAL = {1/1, the Journal of the Just Intonation Network},
   TITLE = {Harmonic Scales for Guitar},
   KEYWORDS = {(TEMPERAMENTO)},
}
@ARTICLE{schwartz94:harry,
   YEAR = {1994},
   VOLUME = {8},
   NUMBER = {4},
   AUTHOR = {Stephen Schwartz },
   JOURNAL = {1/1, the Journal of the Just Intonation Network},
   TITLE = {Harry Partch in the Secret History of the West Coast},
   KEYWORDS = {(TEMPERAMENTO)},
}
@ARTICLE{maxwell86:heavenly,
   YEAR = {1986},
   VOLUME = {2},
   NUMBER = {3},
   AUTHOR = {Miles Maxwell },
   JOURNAL = {1/1, the Journal of the Just Intonation Network},
   TITLE = {Heavenly Harmony},
   KEYWORDS = {(TEMPERAMENTO)},
}
@ARTICLE{schneider92:history,
   YEAR = {1992},
   VOLUME = {7},
   NUMBER = {3},
   AUTHOR = {John Schneider },
   JOURNAL = {1/1, the Journal of the Just Intonation Network},
   TITLE = {A History of the Just Guitar},
   KEYWORDS = {(TEMPERAMENTO)},
}
@ARTICLE{polansky87:hmsl,
   YEAR = {1987},
   VOLUME = {3},
   NUMBER = {1},
   AUTHOR = {Larry Polansky },
   JOURNAL = {1/1, the Journal of the Just Intonation Network},
   TITLE = {The HMSL Intonation Environment},
   KEYWORDS = {(TEMPERAMENTO)},
}
@ARTICLE{horton86:horton,
   YEAR = {1986},
   VOLUME = {2},
   NUMBER = {2},
   AUTHOR = {Jim Horton },
   JOURNAL = {1/1, the Journal of the Just Intonation Network},
   TITLE = {Horton Hears a Whole Number Ratio},
   KEYWORDS = {(TEMPERAMENTO)},
}
@ARTICLE{ayers99:improvising,
   YEAR = {1999},
   VOLUME = {10},
   NUMBER = {2},
   AUTHOR = {Lydia Ayers },
   JOURNAL = {1/1, the Journal of the Just Intonation Network},
   TITLE = {Improvising with Tunings: /Themes and Improvisations for WoodstockGamelan/},
   KEYWORDS = {(TEMPERAMENTO)},
}
@ARTICLE{rosenboom85:beginning,
   YEAR = {1985},
   VOLUME = {1},
   NUMBER = {3},
   AUTHOR = {David Rosenboom },
   JOURNAL = {1/1, the Journal of the Just Intonation Network},
   TITLE = {In the Beginning: Etude I (Trombones) * (score},
   KEYWORDS = {(TEMPERAMENTO)},
}
@ARTICLE{waage85:intelligent,
   YEAR = {1985},
   VOLUME = {1},
   NUMBER = {4},
   AUTHOR = {Harold M Waage },
   JOURNAL = {1/1, the Journal of the Just Intonation Network},
   TITLE = {The Intelligent Keyboard},
   KEYWORDS = {(TEMPERAMENTO)},
}
@ARTICLE{burt95:interesting,
   YEAR = {1995},
   VOLUME = {9},
   NUMBER = {1},
   AUTHOR = {Warren Burt },
   JOURNAL = {1/1, the Journal of the Just Intonation Network},
   TITLE = {An Interesting Group of Combination-Product Sets Produces Some VeryNice Dissonances},
   KEYWORDS = {(TEMPERAMENTO)},
}
@ARTICLE{wold90:was,
   YEAR = {1990},
   VOLUME = {6},
   NUMBER = {4},
   AUTHOR = {Erling Wold },
   JOURNAL = {1/1, the Journal of the Just Intonation Network},
   TITLE = {It was in the Summer that I first noticed your hair, your face, you},
   KEYWORDS = {(TEMPERAMENTO)},
}
@ARTICLE{johnston94:just,
   YEAR = {1994},
   VOLUME = {8},
   NUMBER = {4},
   AUTHOR = {Ben Johnston },
   JOURNAL = {1/1, the Journal of the Just Intonation Network},
   TITLE = {Just Intonation and Mere Intonation},
   KEYWORDS = {(TEMPERAMENTO)},
}
@ARTICLE{rich88:just,
   YEAR = {1988},
   VOLUME = {4},
   NUMBER = {4},
   AUTHOR = {Robert Rich },
   JOURNAL = {1/1, the Journal of the Just Intonation Network},
   TITLE = {A Just Intonation Calculator},
   KEYWORDS = {(TEMPERAMENTO)},
}
@ARTICLE{clark89:just,
   YEAR = {1989},
   VOLUME = {5},
   NUMBER = {3},
   AUTHOR = {Carrie Starr Clark },
   JOURNAL = {1/1, the Journal of the Just Intonation Network},
   TITLE = {Just Intonation in the Kirana Vocal Tradition},
   KEYWORDS = {(TEMPERAMENTO)},
}
@ARTICLE{starr96:just,
   YEAR = {1996},
   VOLUME = {9},
   NUMBER = {3},
   AUTHOR = {Carrie Starr },
   JOURNAL = {1/1, the Journal of the Just Intonation Network},
   TITLE = {Just Intonation Network News ; (Remembering Prandit Pran Nath)},
   KEYWORDS = {(TEMPERAMENTO)},
}
@ARTICLE{rapoport91:just,
   YEAR = {1991},
   VOLUME = {7},
   NUMBER = {1},
   AUTHOR = {Paul Rapoport },
   JOURNAL = {1/1, the Journal of the Just Intonation Network},
   TITLE = {Just Inton(ot)ation},
   KEYWORDS = {(TEMPERAMENTO)},
}
@ARTICLE{canright86:justly-tuned,
   YEAR = {1986},
   VOLUME = {2},
   NUMBER = {2},
   AUTHOR = {David Canright },
   JOURNAL = {1/1, the Journal of the Just Intonation Network},
   TITLE = {A Justly-Tuned Guitar},
   KEYWORDS = {(TEMPERAMENTO)},
}
@ARTICLE{henry85:justly-tuned,
   YEAR = {1985},
   VOLUME = {1},
   NUMBER = {4},
   AUTHOR = {Norman Henry },
   JOURNAL = {1/1, the Journal of the Just Intonation Network},
   TITLE = {A Justly-Tuned Harpsichord},
   KEYWORDS = {(TEMPERAMENTO)},
}
@ARTICLE{waage96:keyboard,
   YEAR = {1996},
   VOLUME = {9},
   NUMBER = {3},
   AUTHOR = {Harold Waage },
   JOURNAL = {1/1, the Journal of the Just Intonation Network},
   TITLE = {A Keyboard Game of 'Expansion-Contraction'},
   KEYWORDS = {(TEMPERAMENTO)},
}
@ARTICLE{rapoport95:know,
   YEAR = {1995},
   VOLUME = {9},
   NUMBER = {2},
   AUTHOR = {Paul Rapoport },
   JOURNAL = {1/1, the Journal of the Just Intonation Network},
   TITLE = {(K)no(w) More Notation},
   KEYWORDS = {(TEMPERAMENTO)},
}
@ARTICLE{doty90:monte,
   YEAR = {1990},
   VOLUME = {6},
   NUMBER = {1},
   AUTHOR = {David B. Doty },
   JOURNAL = {1/1, the Journal of the Just Intonation Network},
   TITLE = {The La Monte Young Interview},
   KEYWORDS = {(TEMPERAMENTO)},
}
@ARTICLE{waage92:liberation,
   YEAR = {1992},
   VOLUME = {7},
   NUMBER = {3},
   AUTHOR = {Harold Waage },
   JOURNAL = {1/1, the Journal of the Just Intonation Network},
   TITLE = {Liberation for the Scale Bound Consonance},
   KEYWORDS = {(TEMPERAMENTO)},
}
@ARTICLE{doty87:lou,
   YEAR = {1987},
   VOLUME = {3},
   NUMBER = {2},
   AUTHOR = {David B. Doty },
   JOURNAL = {1/1, the Journal of the Just Intonation Network},
   TITLE = {The Lou Harrison Interview},
   KEYWORDS = {(TEMPERAMENTO)},
}
@ARTICLE{sohl86:mapping,
   YEAR = {1986},
   VOLUME = {2},
   NUMBER = {4},
   AUTHOR = {Norman Sohl },
   JOURNAL = {1/1, the Journal of the Just Intonation Network},
   TITLE = {Mapping Tonality},
   KEYWORDS = {(TEMPERAMENTO)},
}
@ARTICLE{terpstra88:means,
   YEAR = {1988},
   VOLUME = {4},
   NUMBER = {1},
   AUTHOR = {Siemen Terpstra },
   JOURNAL = {1/1, the Journal of the Just Intonation Network},
   TITLE = {Means to Music},
   KEYWORDS = {(TEMPERAMENTO)},
}
@ARTICLE{doty88:meaty,
   YEAR = {1988},
   VOLUME = {4},
   NUMBER = {4},
   AUTHOR = {David B. Doty },
   JOURNAL = {1/1, the Journal of the Just Intonation Network},
   TITLE = {Meaty MIDI Meeting},
   KEYWORDS = {(TEMPERAMENTO)},
}
@ARTICLE{chalmers88:microfest,
   YEAR = {1988},
   VOLUME = {4},
   NUMBER = {3},
   AUTHOR = {John H. Chalmers },
   JOURNAL = {1/1, the Journal of the Just Intonation Network},
   TITLE = {Microfest},
   KEYWORDS = {(TEMPERAMENTO)},
}
@ARTICLE{harrison01:microfest,
   YEAR = {2001},
   VOLUME = {10},
   NUMBER = {4},
   AUTHOR = {Lou Harrison },
   JOURNAL = {1/1, the Journal of the Just Intonation Network},
   TITLE = {Microfest 2001 Keynote Address},
   KEYWORDS = {(TEMPERAMENTO)},
}
@ARTICLE{doty90:microtonal,
   YEAR = {1990},
   VOLUME = {6},
   NUMBER = {1},
   AUTHOR = {David B. Doty },
   JOURNAL = {1/1, the Journal of the Just Intonation Network},
   TITLE = {Microtonal Resources of the Seven Limit},
   KEYWORDS = {(TEMPERAMENTO)},
}
@ARTICLE{doty01:microtones,
   YEAR = {2001},
   VOLUME = {10},
   NUMBER = {4},
   AUTHOR = {David B. Doty },
   JOURNAL = {1/1, the Journal of the Just Intonation Network},
   TITLE = {Microtones in 'Bodhisattvas in Berkeley'},
   KEYWORDS = {(TEMPERAMENTO)},
}
@ARTICLE{scholz89:midi,
   YEAR = {1989},
   VOLUME = {5},
   NUMBER = {3},
   AUTHOR = {Carter Scholz },
   JOURNAL = {1/1, the Journal of the Just Intonation Network},
   TITLE = {The MIDI Tuning Dump Standard (version 0.03)},
   KEYWORDS = {(TEMPERAMENTO)},
}
@ARTICLE{terpstra94:more,
   YEAR = {1994},
   VOLUME = {8},
   NUMBER = {3},
   AUTHOR = {Siemen Terpstra },
   JOURNAL = {1/1, the Journal of the Just Intonation Network},
   TITLE = {More Notes on Notation},
   KEYWORDS = {(TEMPERAMENTO)},
}
@ARTICLE{wold88:music,
   YEAR = {1988},
   VOLUME = {4},
   NUMBER = {4},
   AUTHOR = {Erling Wold },
   JOURNAL = {1/1, the Journal of the Just Intonation Network},
   TITLE = {Music of Love and Beyond},
   KEYWORDS = {(TEMPERAMENTO)},
}
@ARTICLE{dudon89:musiques,
   YEAR = {1989},
   VOLUME = {5},
   NUMBER = {3},
   AUTHOR = {Jacque Dudon },
   JOURNAL = {1/1, the Journal of the Just Intonation Network},
   TITLE = {Musiques Harmoniques},
   KEYWORDS = {(TEMPERAMENTO)},
}
@ARTICLE{duncan87:notes,
   YEAR = {1987},
   VOLUME = {3},
   NUMBER = {3},
   AUTHOR = {Otis Dudley Duncan },
   JOURNAL = {1/1, the Journal of the Just Intonation Network},
   TITLE = {Notes and Commas},
   KEYWORDS = {(TEMPERAMENTO)},
}
@ARTICLE{ludlow94:notes,
   YEAR = {1994},
   VOLUME = {8},
   NUMBER = {4},
   AUTHOR = {Lynn Ludlow },
   JOURNAL = {1/1, the Journal of the Just Intonation Network},
   TITLE = {Notes from a Semi-incompetent Performer on the Surrogate Kithara (1953)},
   KEYWORDS = {(TEMPERAMENTO)},
}
@ARTICLE{polansky85:notes,
   YEAR = {1985},
   VOLUME = {1},
   NUMBER = {4},
   AUTHOR = {Larry Polansky },
   JOURNAL = {1/1, the Journal of the Just Intonation Network},
   TITLE = {Notes on 'Piano Study No.5 for JPR'},
   KEYWORDS = {(TEMPERAMENTO)},
}
@ARTICLE{young87:notes,
   YEAR = {1987},
   VOLUME = {3},
   NUMBER = {3},
   AUTHOR = {La Monte Young },
   JOURNAL = {1/1, the Journal of the Just Intonation Network},
   TITLE = {Notes on The Well-Tuned Piano},
   KEYWORDS = {(TEMPERAMENTO)},
}
@ARTICLE{terpstra86:octave,
   YEAR = {1986},
   VOLUME = {2},
   NUMBER = {2},
   AUTHOR = {Siemen Terpstra },
   JOURNAL = {1/1, the Journal of the Just Intonation Network},
   TITLE = {The Octave Law and Natural Resonances},
   KEYWORDS = {(TEMPERAMENTO)},
}
@ARTICLE{johnston91:extended,
   YEAR = {1991},
   VOLUME = {7},
   NUMBER = {1},
   AUTHOR = {Ben Johnston },
   JOURNAL = {1/1, the Journal of the Just Intonation Network},
   TITLE = {On Extended Just Intonation},
   KEYWORDS = {(TEMPERAMENTO)},
}
@ARTICLE{drummond94:newband,
   YEAR = {1994},
   VOLUME = {8},
   NUMBER = {4},
   AUTHOR = {Dean Drummond },
   JOURNAL = {1/1, the Journal of the Just Intonation Network},
   TITLE = {On Newband and the Partch Instruments},
   KEYWORDS = {(TEMPERAMENTO)},
}
@ARTICLE{canright85:piano,
   YEAR = {1985},
   VOLUME = {1},
   NUMBER = {4},
   AUTHOR = {David Canright },
   JOURNAL = {1/1, the Journal of the Just Intonation Network},
   TITLE = {On Piano Retuning},
   KEYWORDS = {(TEMPERAMENTO)},
}
@ARTICLE{henry86:open,
   YEAR = {1986},
   VOLUME = {2},
   NUMBER = {1},
   AUTHOR = {Norman Henry },
   JOURNAL = {1/1, the Journal of the Just Intonation Network},
   TITLE = {An Open Letter},
   KEYWORDS = {(TEMPERAMENTO)},
}
@ARTICLE{catler87:over,
   YEAR = {1987},
   VOLUME = {3},
   NUMBER = {3},
   AUTHOR = {Jon Catler },
   JOURNAL = {1/1, the Journal of the Just Intonation Network},
   TITLE = {Over and Under: The 13 Limit},
   KEYWORDS = {(TEMPERAMENTO)},
}
@ARTICLE{wilson85:partch,
   YEAR = {1985},
   VOLUME = {1},
   NUMBER = {4},
   AUTHOR = {Erv Wilson },
   JOURNAL = {1/1, the Journal of the Just Intonation Network},
   TITLE = {Partch's Scale on the Bosanquet Generalized Keyboard * (chart},
   KEYWORDS = {(TEMPERAMENTO)},
}
@ARTICLE{canright85:pentatonics,
   YEAR = {1985},
   VOLUME = {1},
   NUMBER = {2},
   AUTHOR = {David Canright },
   JOURNAL = {1/1, the Journal of the Just Intonation Network},
   TITLE = {Pentatonics I Have Known},
   KEYWORDS = {(TEMPERAMENTO)},
}
@ARTICLE{doty89:pitch,
   YEAR = {1989},
   VOLUME = {5},
   NUMBER = {4},
   AUTHOR = {David B. Doty },
   JOURNAL = {1/1, the Journal of the Just Intonation Network},
   TITLE = {Pitch, Pi. Revisited},
   KEYWORDS = {(TEMPERAMENTO)},
}
@ARTICLE{alves97:pleng,
   YEAR = {1997},
   VOLUME = {9},
   NUMBER = {4},
   AUTHOR = {Bill Alves },
   JOURNAL = {1/1, the Journal of the Just Intonation Network},
   TITLE = {Pleng: Composing for a Justly Tuned /Gender Barang/},
   KEYWORDS = {(TEMPERAMENTO)},
}
@ARTICLE{scholz88:program,
   YEAR = {1988},
   VOLUME = {4},
   NUMBER = {2},
   AUTHOR = {Carter Scholz },
   JOURNAL = {1/1, the Journal of the Just Intonation Network},
   TITLE = {A Program to Calculate Ratios},
   KEYWORDS = {(TEMPERAMENTO)},
}
@ARTICLE{duncan93:ptolemaic,
   YEAR = {1993},
   VOLUME = {8},
   NUMBER = {1},
   AUTHOR = {Dudley Duncan },
   JOURNAL = {1/1, the Journal of the Just Intonation Network},
   TITLE = {The Ptolemaic Antinomy},
   KEYWORDS = {(TEMPERAMENTO)},
}
@ARTICLE{morrison85:quick,
   YEAR = {1985},
   VOLUME = {1},
   NUMBER = {2},
   AUTHOR = {Gary Roy Morrison },
   JOURNAL = {1/1, the Journal of the Just Intonation Network},
   TITLE = {A Quick Excursion into Octave-Repeating Harmonic Series-Based Scales},
   KEYWORDS = {(TEMPERAMENTO)},
}
@ARTICLE{reinhard87:rational,
   YEAR = {1987},
   VOLUME = {3},
   NUMBER = {3},
   AUTHOR = {Johnny Reinhard },
   JOURNAL = {1/1, the Journal of the Just Intonation Network},
   TITLE = {Rational/Irrational},
   KEYWORDS = {(TEMPERAMENTO)},
}
@ARTICLE{canright85:rational,
   YEAR = {1985},
   VOLUME = {1},
   NUMBER = {1},
   AUTHOR = {David Canright },
   JOURNAL = {1/1, the Journal of the Just Intonation Network},
   TITLE = {Rational Notation},
   KEYWORDS = {(TEMPERAMENTO)},
}
@ARTICLE{johnston86:rational,
   YEAR = {1986},
   VOLUME = {2},
   NUMBER = {3},
   AUTHOR = {Ben Johnston },
   JOURNAL = {1/1, the Journal of the Just Intonation Network},
   TITLE = {Rational Structure in Music},
   KEYWORDS = {(TEMPERAMENTO)},
}
@ARTICLE{raskin94:recollections,
   YEAR = {1994},
   VOLUME = {8},
   NUMBER = {4},
   AUTHOR = {Jef Raskin },
   JOURNAL = {1/1, the Journal of the Just Intonation Network},
   TITLE = {Recollections of Harry Partch},
   KEYWORDS = {(TEMPERAMENTO)},
}
@ARTICLE{puliot94:remembering,
   YEAR = {1994},
   VOLUME = {8},
   NUMBER = {4},
   AUTHOR = {Stephen Puliot },
   JOURNAL = {1/1, the Journal of the Just Intonation Network},
   TITLE = {Remembering Harry},
   KEYWORDS = {(TEMPERAMENTO)},
}
@ARTICLE{wold91:report,
   YEAR = {1991},
   VOLUME = {7},
   NUMBER = {1},
   AUTHOR = {Erling Wold },
   JOURNAL = {1/1, the Journal of the Just Intonation Network},
   TITLE = {Report: American Festival of Microtonal Music},
   KEYWORDS = {(TEMPERAMENTO)},
}
@ARTICLE{doty92:response,
   YEAR = {1992},
   VOLUME = {7},
   NUMBER = {4},
   AUTHOR = {David B. Doty },
   JOURNAL = {1/1, the Journal of the Just Intonation Network},
   TITLE = {A Response to Harold Waage},
   KEYWORDS = {(TEMPERAMENTO)},
}
@ARTICLE{doty94:response,
   YEAR = {1994},
   VOLUME = {8},
   NUMBER = {3},
   AUTHOR = {David B. Doty },
   JOURNAL = {1/1, the Journal of the Just Intonation Network},
   TITLE = {A Response to Siemen Terpstra's 'Notation'},
   KEYWORDS = {(TEMPERAMENTO)},
}
@ARTICLE{young89:romantic,
   YEAR = {1989},
   VOLUME = {5},
   NUMBER = {4},
   AUTHOR = {La Monte Young },
   JOURNAL = {1/1, the Journal of the Just Intonation Network},
   TITLE = {The Romantic Symmetry in Prime Time},
   KEYWORDS = {(TEMPERAMENTO)},
}
@ARTICLE{frantz90:scaleless,
   YEAR = {1990},
   VOLUME = {6},
   NUMBER = {3},
   AUTHOR = {Glenn Frantz },
   JOURNAL = {1/1, the Journal of the Just Intonation Network},
   TITLE = {A Scaleless Sequencer},
   KEYWORDS = {(TEMPERAMENTO)},
}
@ARTICLE{reinhard89:schoenberg,
   YEAR = {1989},
   VOLUME = {5},
   NUMBER = {3},
   AUTHOR = {Johnny Reinhard },
   JOURNAL = {1/1, the Journal of the Just Intonation Network},
   TITLE = {Schoenberg's Conception of Tonality},
   KEYWORDS = {(TEMPERAMENTO)},
}
@ARTICLE{duncan89:septimal,
   YEAR = {1989},
   VOLUME = {5},
   NUMBER = {2},
   AUTHOR = {Dudley Duncan },
   JOURNAL = {1/1, the Journal of the Just Intonation Network},
   TITLE = {Septimal Harmony for the Blues},
   KEYWORDS = {(TEMPERAMENTO)},
}
@ARTICLE{dudon94:seven-limit,
   YEAR = {1994},
   VOLUME = {8},
   NUMBER = {2},
   AUTHOR = {Jacques Dudon },
   JOURNAL = {1/1, the Journal of the Just Intonation Network},
   TITLE = {Seven-limit Slendro Mutations},
   KEYWORDS = {(TEMPERAMENTO)},
}
@ARTICLE{sims89:72-tone,
   YEAR = {1989},
   VOLUME = {5},
   NUMBER = {1},
   AUTHOR = {Ezra Sims },
   JOURNAL = {1/1, the Journal of the Just Intonation Network},
   TITLE = {A 72-tone Just Computer System},
   KEYWORDS = {(TEMPERAMENTO)},
}
@ARTICLE{terpstra99:short,
   YEAR = {1999},
   VOLUME = {10},
   NUMBER = {2},
   AUTHOR = {Siemen Terpstra },
   JOURNAL = {1/1, the Journal of the Just Intonation Network},
   TITLE = {A Short History of Just Intonation Tuning Cuture},
   KEYWORDS = {(TEMPERAMENTO)},
}
@ARTICLE{terpstra88:simplified,
   YEAR = {1988},
   VOLUME = {4},
   NUMBER = {3},
   AUTHOR = {Siemen Terpstra },
   JOURNAL = {1/1, the Journal of the Just Intonation Network},
   TITLE = {A Simplified Tuning Procedure for Strings},
   KEYWORDS = {(TEMPERAMENTO)},
}
@ARTICLE{doty86:subharmonic,
   YEAR = {1986},
   VOLUME = {2},
   NUMBER = {1},
   AUTHOR = {David B. Doty },
   JOURNAL = {1/1, the Journal of the Just Intonation Network},
   TITLE = {The Subharmonic Question},
   KEYWORDS = {(TEMPERAMENTO)},
}
@ARTICLE{hill89:study,
   YEAR = {1989},
   VOLUME = {5},
   NUMBER = {2},
   AUTHOR = {Ralph David Hill },
   JOURNAL = {1/1, the Journal of the Just Intonation Network},
   TITLE = {Study in Whole Tones in Two Parts},
   KEYWORDS = {(TEMPERAMENTO)},
}
@ARTICLE{silverman96:styles,
   YEAR = {1996},
   VOLUME = {9},
   NUMBER = {3},
   AUTHOR = {Adam B Silverman },
   JOURNAL = {1/1, the Journal of the Just Intonation Network},
   TITLE = {Styles of Consonance/Dissonance Control in the Music of Ben Johnston},
   KEYWORDS = {(TEMPERAMENTO)},
}
@ARTICLE{canright95:superparticular,
   YEAR = {1995},
   VOLUME = {9},
   NUMBER = {1},
   AUTHOR = {David Canright },
   JOURNAL = {1/1, the Journal of the Just Intonation Network},
   TITLE = {Superparticular Pentatonics},
   KEYWORDS = {(TEMPERAMENTO)},
}
@ARTICLE{rasch88:theories,
   YEAR = {1988},
   VOLUME = {4},
   NUMBER = {2},
   AUTHOR = {Rudolf Rasch },
   JOURNAL = {1/1, the Journal of the Just Intonation Network},
   TITLE = {The Theories of Adriaan Fokker},
   KEYWORDS = {(TEMPERAMENTO)},
}
@ARTICLE{chalmers88:third,
   YEAR = {1988},
   VOLUME = {4},
   NUMBER = {3},
   AUTHOR = {John H. Chalmers },
   JOURNAL = {1/1, the Journal of the Just Intonation Network},
   TITLE = {Third Coast New Music Project},
   KEYWORDS = {(TEMPERAMENTO)},
}
@ARTICLE{canright87:tour,
   YEAR = {1987},
   VOLUME = {3},
   NUMBER = {3},
   AUTHOR = {David Canright },
   JOURNAL = {1/1, the Journal of the Just Intonation Network},
   TITLE = {A Tour Up the Harmonic Series},
   KEYWORDS = {(TEMPERAMENTO)},
}
@ARTICLE{siegel94:totally,
   YEAR = {1994},
   VOLUME = {8},
   NUMBER = {2},
   AUTHOR = {Jules Siegel },
   JOURNAL = {1/1, the Journal of the Just Intonation Network},
   TITLE = {Totally Dynamic Tuning Using MIDI Pitchbend},
   KEYWORDS = {(TEMPERAMENTO)},
}
@ARTICLE{doty86:toward,
   YEAR = {1986},
   VOLUME = {2},
   NUMBER = {2},
   AUTHOR = {David B. Doty },
   JOURNAL = {1/1, the Journal of the Just Intonation Network},
   TITLE = {Toward Standard Definitions},
   KEYWORDS = {(TEMPERAMENTO)},
}
@ARTICLE{b96:transcriptions,
   YEAR = {1996},
   VOLUME = {9},
   NUMBER = {3},
   AUTHOR = {Adam B },
   JOURNAL = {1/1, the Journal of the Just Intonation Network},
   TITLE = {Transcriptions/Translations of the Music of Harry Partch},
   KEYWORDS = {(TEMPERAMENTO)},
}
@ARTICLE{chalmers87:tritriadic,
   YEAR = {1987},
   VOLUME = {3},
   NUMBER = {1},
   AUTHOR = {John H. Chalmers },
   JOURNAL = {1/1, the Journal of the Just Intonation Network},
   TITLE = {Tritriadic Transformations},
   KEYWORDS = {(TEMPERAMENTO)},
}
@ARTICLE{anderson85:trouble,
   YEAR = {1985},
   VOLUME = {1},
   NUMBER = {3},
   AUTHOR = {Carola B Anderson },
   JOURNAL = {1/1, the Journal of the Just Intonation Network},
   TITLE = {The Trouble with Didymus},
   KEYWORDS = {(TEMPERAMENTO)},
}
@ARTICLE{scholz89:tuning,
   YEAR = {1989},
   VOLUME = {5},
   NUMBER = {4},
   AUTHOR = {Carter Scholz },
   JOURNAL = {1/1, the Journal of the Just Intonation Network},
   TITLE = {Tuning and the Ensoniq EPS},
   KEYWORDS = {(TEMPERAMENTO)},
}
@ARTICLE{rich85:tuning,
   YEAR = {1985},
   VOLUME = {1},
   NUMBER = {4},
   AUTHOR = {Robert Rich },
   JOURNAL = {1/1, the Journal of the Just Intonation Network},
   TITLE = {Tuning and Transposition on the Prophet Five},
   KEYWORDS = {(TEMPERAMENTO)},
}
@ARTICLE{lord87:tuning,
   YEAR = {1987},
   VOLUME = {3},
   NUMBER = {4},
   AUTHOR = {Richard H Lord },
   JOURNAL = {1/1, the Journal of the Just Intonation Network},
   TITLE = {Tuning the Ensoniq Mirage},
   KEYWORDS = {(TEMPERAMENTO)},
}
@ARTICLE{jones86:tuning,
   YEAR = {1986},
   VOLUME = {2},
   NUMBER = {1},
   AUTHOR = {Robert W Jones },
   JOURNAL = {1/1, the Journal of the Just Intonation Network},
   TITLE = {Tuning the Macintosh},
   KEYWORDS = {(TEMPERAMENTO)},
}
@ARTICLE{doty85:tutorial1,
   YEAR = {1985},
   VOLUME = {1},
   NUMBER = {2},
   AUTHOR = {David B. Doty },
   JOURNAL = {1/1, the Journal of the Just Intonation Network},
   TITLE = {Tutorial: Part One},
   KEYWORDS = {(TEMPERAMENTO)},
}
@ARTICLE{doty85:tutorial2,
   YEAR = {1985},
   VOLUME = {1},
   NUMBER = {3},
   AUTHOR = {David B. Doty },
   JOURNAL = {1/1, the Journal of the Just Intonation Network},
   TITLE = {Tutorial: Part Two},
   KEYWORDS = {(TEMPERAMENTO)},
}
@ARTICLE{doty86:tutorial3,
   YEAR = {1986},
   VOLUME = {2},
   NUMBER = {2},
   AUTHOR = {David B. Doty },
   JOURNAL = {1/1, the Journal of the Just Intonation Network},
   TITLE = {Tutorial: Part Three},
   KEYWORDS = {(TEMPERAMENTO)},
}
@ARTICLE{doty87:tutorial4,
   YEAR = {1987},
   VOLUME = {3},
   NUMBER = {1},
   AUTHOR = {David B. Doty },
   JOURNAL = {1/1, the Journal of the Just Intonation Network},
   TITLE = {Tutorial: Part Four (The Nine-Tone Diatonic Scale)},
   KEYWORDS = {(TEMPERAMENTO)},
}
@ARTICLE{polansky99:ii-v-i,
   YEAR = {1999},
   VOLUME = {10},
   NUMBER = {2},
   AUTHOR = {Larry Polansky },
   JOURNAL = {1/1, the Journal of the Just Intonation Network},
   TITLE = {II-V-I (score)},
   KEYWORDS = {(TEMPERAMENTO)},
}
@ARTICLE{rayna86:two,
   YEAR = {1986},
   VOLUME = {2},
   NUMBER = {3},
   AUTHOR = {David Rayna },
   JOURNAL = {1/1, the Journal of the Just Intonation Network},
   TITLE = {Two Special Keyboard Projects},
   KEYWORDS = {(TEMPERAMENTO)},
}
@ARTICLE{doty92:two,
   YEAR = {1992},
   VOLUME = {7},
   NUMBER = {4},
   AUTHOR = {David B. Doty },
   JOURNAL = {1/1, the Journal of the Just Intonation Network},
   TITLE = {Two Theories of Melodic Intonation},
   KEYWORDS = {(TEMPERAMENTO)},
}
@ARTICLE{schulter00:ugolino,
   YEAR = {2000},
   VOLUME = {10},
   NUMBER = {3},
   AUTHOR = {Margo Schulter },
   JOURNAL = {1/1, the Journal of the Just Intonation Network},
   TITLE = {Ugolino's Intelligent Organist' and the Seventeen Note Octave (Part I:the Medieval Background},
   KEYWORDS = {(TEMPERAMENTO)},
}
@ARTICLE{chalmers94:wayward,
   YEAR = {1994},
   VOLUME = {8},
   NUMBER = {4},
   AUTHOR = {John H. Chalmers },
   JOURNAL = {1/1, the Journal of the Just Intonation Network},
   TITLE = {The Wayward: Harry Partch at UCSD},
   KEYWORDS = {(TEMPERAMENTO)},
}
@ARTICLE{duncan93:why,
   YEAR = {1993},
   VOLUME = {8},
   NUMBER = {1},
   AUTHOR = {Dudley Duncan },
   JOURNAL = {1/1, the Journal of the Just Intonation Network},
   TITLE = {Why Superparticular?},
   KEYWORDS = {(TEMPERAMENTO)},
}

@INCOLLECTION{good01:musicxml,
   KEYWORDS = {(REPRESENTATION XML)},
   SERIES = {Computing in Musicology},
   VOLUME = {12},
   EDITOR = {Walter B. Hewlett AND Eleanor Selfridge-Field },
   ADDRESS = {Massachusetts},
   YEAR = {2001},
   PUBLISHER = {The MIT Press},
   PAGES = {113--124},
   BOOKTITLE = {The virtual score: representation, retrieval, restoration},
   TITLE = {MusicXML for Notation and Analysis},
   AUTHOR = {Michael Good },
}
@INCOLLECTION{roland01:mdl,
   KEYWORDS = {(REPRESENTATION XML)},
   SERIES = {Computing in Musicology},
   VOLUME = {12},
   EDITOR = {Walter B. Hewlett AND Eleanor Selfridge-Field },
   ADDRESS = {Massachusetts},
   YEAR = {2001},
   PUBLISHER = {The MIT Press},
   PAGES = {125--134},
   BOOKTITLE = {The virtual score: representation, retrieval, restoration},
   TITLE = {MDL musicat: an XML approach to musical data and meta-data},
   AUTHOR = {Perry Roland },
}
@MANUAL{schiettecatte00:format,
   LASTACCESS = {2003-12-21},
   URL = {http://wendy.vub.ac.be/~bschiett/saol/FlowML.pdf},
   KEYSORDS = {(ORC XML)},
   TITLE = {A format for visual orchestras: flowML},
   AUTHOR = {Bert Schiettecatte },
   YEAR = {2000},
}
@INCOLLECTION{castan01:extensible,
   KEYWORDS = {(REPRESENTATION XML)},
   SERIES = {Computing in Musicology},
   VOLUME = {12},
   EDITOR = {Walter B. Hewlett AND Eleanor Selfridge-Field },
   YEAR = {2001},
   ADDRESS = {Massachusetts},
   PUBLISHER = {The MIT Press},
   PAGES = {95--102},
   BOOKTITLE = {The virtual score: representation, retrieval, restoration},
   TITLE = {Extensible markup language (XML) for music applications: an introduction},
   AUTHOR = {Gerd Castan AND Michael Good AND Perry Roland },
}
@BOOK{dodge97:computer,
   EDITION = {2},
   ADDRESS = {New York},
   YEAR = {1997},
   PUBLISHER = {Schirmer Books},
   TITLE = {Computer music: synthesis, composition, and performance},
   AUTHOR = {Charles Dodge AND Thomar A. Jerse },
}
@INPROCEEDINGS{pinkston95:rapid,
   YEAR = {1995},
   BOOKTITLE = {1995 SEAMUS National Conference},
   TITLE = {
Rapid instrument prototyping system (RIPS): a new
 graphical user interface for instrument design in csound},
   AUTHOR = {Russell F. Pinkston },
}
@BOOK{smith00:tcl,
   YEAR = {2000},
   PUBLISHER = {Osborne/McGraw-Hill},
   ADDRESS = {Berkeley},
   TITLE = {[incr Tcl/Tk] from the Ground Up},
   AUTHOR = {Chad Smith },
}
@MANUAL{makela:javasynth,
   LASTACCESS = {2003-04-24},
   URL = {http://javasynth.sourceforge.net/},
   YEAR = {2003},
   AUTHOR = {Markku Makela },
   TITLE = {Javasynth},
}
@BOOK{harold99:xml,
   ADDRESS = {New York, NY},
   YEAR = {1999},
   PUBLISHER = {IDG Books Worldwide},
   TITLE = {XML bible},
   AUTHOR = {Elliotte Rusty Harold },
}
@TECHREPORT{clark99:xml,
   LASTACCESS = {2003-12-21},
   URL = {http://www.w3.org/TR/1999/REC-xpath-19991116},
   YEAR = {1999},
   INSTITUTION = {The World Wide Web Consortium},
   TITLE = {XML Path Language (XPath)},
   AUTHOR = {James Clark AND Steve Derose },
}
@BOOK{selfridge-field97:beyond,
   ADDRESS = {Massachusetts},
   YEAR = {1997},
   PUBLISHER = {MIT},
   TITLE = {Beyond MIDI: the handbook of musical codes},
   EDITOR = {Eleanor Selfridge-Field },
}
@INCOLLECTION{selfridge-field97:beyond-chapter,
   PAGES = {28--38},
   TITLE = {Describing musical information},
   ADDRESS = {Massachusetts},
   YEAR = {1997},
   PUBLISHER = {MIT},
   BOOKTITLE = {Beyond MIDI: the handbook of musical codes},
   AUTHOR = {Eleanor Selfridge-Field },
   EDITOR = {Eleanor Selfridge-Field },
}
@INCOLLECTION{berggren97:beyond-chapter,
   PAGES = {451--458},
   TITLE = {Encoding of Compositional Units},
   ADDRESS = {Massachusetts},
   YEAR = {1997},
   PUBLISHER = {MIT},
   BOOKTITLE = {Beyond MIDI: the handbook of musical codes},
   AUTHOR = {Ulf Berggren },
   EDITOR = {Eleanor Selfridge-Field },
}
@INCOLLECTION{selfridge-field97:_humdr_and_kern,
   PAGES = {375--401},
   TITLE = {Humdrum and Kern: Selective Feature Encoding},
   ADDRESS = {Massachusetts},
   YEAR = {1997},
   PUBLISHER = {MIT},
   BOOKTITLE = {Beyond MIDI: the handbook of musical codes},
   AUTHOR = {David Huron },
   EDITOR = {Eleanor Selfridge-Field },
}
@BOOK{graham33:onlisp,
   YEAR = {1993},
   PUBLISHER = {Prentice Hall},
   TITLE = {On Lisp: Advanced Techniques for Common Lisp},
   AUTHOR = {Paul Graham },
}
@BOOK{huron99:music_resear_using_humdr,
   ADDRESS = {Stanford, Ca},
   YEAR = {1999},
   PUBLISHER = {Center for Computer Assisted Research in the Humanities},
   TITLE = {Music Research Using Humdrum: A User's Guide},
   AUTHOR = {David Huron },
}
@BOOK{hindemith42:craft,
   YEAR = {1942},
   PUBLISHER = {European Amer Music Dist Corp},
   TITLE = {Craft of Musical Composition},
   AUTHOR = {Paul Hindemith },
}
@BOOK{monzo98:justmusic,
   YEAR = {1998},
   PUBLISHER = {Publicado pelo autor},
   TITLE = {JustMusic: A New Harmony Representing Pitch as Prime Series},
   AUTHOR = {Joseph L. Monzo },
}
@UNPUBLISHED{secor03:miracle,
   YEAR = {2003},
   NOTE = {No prelo a ser publicado por Xenharmonikon},
   TITLE = {The Miracle Temperament, Decimal Keyboard, and Sagittal Notation},
   AUTHOR = {George Secor },
}
@INCOLLECTION{stevin55:vande,
   NOTE = {Trad. Adriaan Fokker},
   ADDRESS = {Amsterdam},
   VOLUME = {5},
   EDITOR = {Adriaan Fokker },
   YEAR = {1955},
   PUBLISHER = {Swets and Zeitlinger},
   PAGES = {413--464},
   BOOKTITLE = {Principal Works of Simon Stevin},
   TITLE = {Vande Spiegheling der Singconst},
   AUTHOR = {Simon Stevin },
}
@BOOK{doty02:primer,
   YEAR = {2002},
   PUBLISHER = {The Just Intonation Network},
   TITLE = {The Just Intonation Primer},
   AUTHOR = {David B. Doty },
}
@ARTICLE{terpstra94:notation,
   PAGES = {1},
   NUMBER = {3},
   VOLUME = {8},
   YEAR = {1994},
   JOURNAL = {1/1: the Journal of the Just Intonation Network},
   TITLE = {More Notas on Noation},
   AUTHOR = {Siemen Terpstra },
}
@ARTICLE{canright85:ratio,
   NUMBER = {1},
   VOLUME = {1},
   YEAR = {1985},
   JOURNAL = {1/1: the Journal of the Just Intonation Network},
   TITLE = {Rational Notation},
   AUTHOR = {David Canright },
}
@ARTICLE{barbieri91:violin,
   PAGES = {69--88},
   NUMBER = {1},
   VOLUME = {19},
   YEAR = {1991},
   JOURNAL = {Early Music},
   TITLE = {Violin intonation: a historical survey},
   AUTHOR = {Patrizio Barbieri },
}
@UNPUBLISHED{kroger03:desenvolvimento,
   NOTE = {
Projeto de pesquisa na modalidade Desenvolvimento
     Científico Regional},
   TITLE = {
Desenvolvimento e implementação de uma linguagem de
     descrição de alto-nível, extensível e conectável, para
     composição musical com sistemas de afinação},
   AUTHOR = {Pedro Kröger },
   YEAR = {2003},
}
@BOOK{rameau71:treatise,
   NOTE = {Traduzido por Philip Gossett},
   YEAR = {1971},
   PUBLISHER = {Dover},
   TITLE = {Treatise on Harmony},
   AUTHOR = {Jean-Philippe Rameau },
}
