@InProceedings{	  agirre.ea00:enriching,
  title =        {{Enriching very large ontologies using the WWW}},
  author =       {Agirre, E. and Ansa, O. and Hovy, E. and Mart√≠nez,
                  D.},
  booktitle =    {Proceedings of the First Workshop on Ontology
                  Learning OL'2000},
  year =         2000,
  keywords =     {top mestrado}
}

@Article{	  allen.ea94:actions,
  author =       {Allen, James F. and Ferguson, G.},
  title =        {Actions and events in interval temporal logic},
  journal =      {Journal of Logic and Computation},
  year =         1994,
  volume =       4,
  number =       5,
  where =
                  {94.tr521.Actions_and_events_in_interval_temporal_logic.ps.Z},
  keywords =     {computer science}
}

@Article{	  allen91:time,
  keywords =     {ai},
  pages =        {341--355},
  number =       4,
  volume =       6,
  year =         1991,
  journal =      {International Journal of Intelligent Systems},
  title =        {Time and time again: the many ways to represent
                  time},
  author =       {James F. Allen}
}

@InProceedings{	  almeida.ea08:parallel,
  title =        {{Parallel Algorithms for a Visual Text Mining
                  Platform}},
  author =       {Almeida, M.O. and Mello, R.F. and Oliveira, M.C.F.},
  booktitle =    {Proceedings of the 20th IASTED International
                  Conference},
  volume =       145631,
  pages =        037,
  year =         2008,
  keywords =     {top mestrado}
}

@Book{		  baeza-yates.ea99:modern,
  title =        {{Modern information retrieval}},
  author =       {Baeza-Yates, R. and Ribeiro-Neto, B. and others},
  year =         1999,
  publisher =    {ACM press New York},
  keywords =     {top mestrado}
}

@Article{	  baum.ea66:statistical,
  title =        {{Statistical inference for probabilistic functions
                  of finite state Markov chains}},
  author =       {Baum, L.E. and Petrie, T.},
  journal =      {Annals of Mathematical Statistics},
  volume =       37,
  number =       6,
  pages =        {1554--1563},
  year =         1966,
  keywords =     {ai}
}

@Article{	  baum.ea70:maximization,
  title =        {A maximization technique occurring in the
                  statistical analysis of probabilistic functions of
                  Markov chains},
  author =       {Baum, L.E. and Petrie, T. and Soules, G. and Weiss,
                  N.},
  journal =      {The Annals of Mathematical Statistics},
  volume =       41,
  number =       1,
  pages =        {164--171},
  year =         1970,
  keywords =     {ai}
}

@InProceedings{	  beal.ea97:factorial,
  author =       {Matthew J. Beal and Zoubin Ghahramani and Carl
                  Edward Rasmussen},
  title =        {Factorial hidden Markov models},
  booktitle =    {Machine Learning},
  year =         1997,
  pages =        {29--245},
  publisher =    {MIT Press},
  keywords =     {ai}
}

@Book{		  bishop.ea06:pattern,
  title =        {{Pattern recognition and machine learning}},
  author =       {Bishop, C.M. and SpringerLink (Online service)},
  year =         2006,
  publisher =    {Springer New York.},
  keywords =     {top mestrado}
}

@InProceedings{	  bloehdorn.ea04:text,
  title =        {{Text classification by boosting weak learners based
                  on terms and concepts}},
  author =       {Bloehdorn, S. and Hotho, A.},
  booktitle =    {Fourth IEEE International Conference on Data Mining,
                  2004. ICDM'04},
  pages =        {331--334},
  year =         2004,
  keywords =     {top mestrado}
}

@Article{	  brown.ea90:statistical,
  title =        {{A statistical approach to machine translation}},
  author =       {Brown, P.F. and Della Pietra, S.A. and Della Pietra,
                  V.J. and Jelinek, F. and Lafferty, J.D. and Mercer,
                  R.L. and Roossin, P.S.},
  journal =      {Computational Linguistics},
  volume =       16,
  number =       2,
  pages =        {79--85},
  year =         1990,
  publisher =    {MIT Press Cambridge, MA, USA},
  keywords =     {ai}
}

@Article{burgess.ea07:crosstex,
  title =        {{CrossTEX: A modern bibliography management tool}},
  author =       {Burgess, R. and Sirer, E.G.},
  year =         2007,
  journal =      {TUGboat},
  volume =       28,
  number =       3
}

@InProceedings{	  chai.ea01:folk,
  title =        {{Folk music classification using hidden Markov
                  models}},
  author =       {Chai, W. and Vercoe, B.},
  booktitle =    {Proceedings of International Conference on
                  Artificial Intelligence},
  volume =       6,
  number =       {6.4},
  year =         2001,
  keywords =     {ai}
}

@InProceedings{	  chambers.ea08:unsupervised,
  title =        {Unsupervised Learning of Narrative Event Chains},
  author =       {Nathanael Chambers and Dan Jurafsky},
  year =         2008,
  booktitle =    {Proceedings of ACL/HLT 2008},
  keywords =     {top mestrado}
}

@InProceedings{clinger08:scheme,
  author =       {Clinger, William D},
  title =        {Scheme@33},
  booktitle =    {LISP50: Celebrating the 50th Anniversary of Lisp},
  year =         2008,
  isbn =         {978-1-60558-383-9},
  pages =        {1--5},
  location =     {Nashville, Tennessee},
  doi =          {http://doi.acm.org/10.1145/1529966.1529973},
  publisher =    {ACM},
  address =      {New York, NY, USA},
}

@inproceedings{costanza08:context,
  author =       {Costanza, Pascal},
  title =        {Context-oriented programming in ContextL: state of
                  the art},
  booktitle =    {LISP50: Celebrating the 50th Anniversary of Lisp},
  year =         2008,
  isbn =         {978-1-60558-383-9},
  pages =        {1--5},
  location =     {Nashville, Tennessee},
  doi =          {http://doi.acm.org/10.1145/1529966.1529970},
  publisher =    {ACM},
  address =      {New York, NY, USA},
}

@Book{		  courant.ea96:what,
  author =       {Richard Courant and Herbert Robbins},
  title =        {What is mathematics?: an elementary approach to
                  ideas and methods},
  publisher =    {Oxford University Press},
  year =         1996,
  address =      {New York},
  edition =      {2.ed},
  isbn =         {0-19-510519-2},
  keywords =     {mathematics}
}

@Article{	  cox46:probability,
  title =        {{Probability, Frequency and Reasonable Expectation}},
  author =       {Cox, RT},
  journal =      {American Journal of Physics},
  volume =       14,
  pages =        1,
  year =         1946,
  publisher =    {AAPT},
  keywords =     {ai}
}

@InProceedings{dagan.ea93:contextual,
  title =        {Contextual word similarity and estimation from
                  sparse data},
  author =       {Dagan, I. and Marcus, S. and Markovitch, S.},
  booktitle =    {Proceedings of the 31st annual meeting on
                  Association for Computational Linguistics},
  pages =        {164--171},
  year =         1993,
  organization = {Association for Computational Linguistics
                  Morristown, NJ, USA}
}

@techreport{dasgupta07:hardness,
  title =        {{The hardness of k-means clustering}},
  author =       {Dasgupta, S.},
  year =         2007,
  institution =  {Technical Report CS2007-0890, University of
                  California, San Diego}
}

@Article{	  dhillon.ea01:concept,
  title =        {{Concept decompositions for large sparse text data
                  using clustering}},
  author =       {Dhillon, I.S. and Modha, D.S.},
  journal =      {Machine Learning},
  volume =       42,
  number =       1,
  pages =        {143--175},
  year =         2001,
  publisher =    {Springer},
  keywords =     {top mestrado}
}

@InProceedings{	  dhillon01:co,
  title =        {{Co-clustering documents and words using bipartite
                  spectral graph partitioning}},
  author =       {Dhillon, I.S.},
  booktitle =    {Proceedings of the seventh ACM SIGKDD international
                  conference on Knowledge discovery and data mining},
  pages =        {269--274},
  year =         2001,
  organization = {ACM New York, NY, USA},
  keywords =     {top mestrado}
}

@Article{	  dijkstra68:go,
  author =       {Edsger W. Dijkstra},
  title =        {Go To statement considered harmful},
  journal =      {Communications of the ACM},
  year =         1968,
  volume =       11,
  number =       3,
  pages =        {147--148},
  keywords =     {computer science}
}

@Book{		  duda.ea00:pattern,
  author =       "Richard O. Duda and Peter E. Hart and David G.
                  Stork",
  title =        "Pattern Classification",
  publisher =    "Wiley",
  edition =      {2nd},
  year =         2000,
  keywords =     {ai}
}

@Article{	  everitt79:unresolved,
  title =        {{Unresolved problems in cluster analysis}},
  author =       {Everitt, BS},
  journal =      {Biometrics},
  pages =        {169--181},
  year =         1979,
  publisher =    {Biometric Society},
  keywords =     {top mestrado}
}

@Article{	  ferguson73:bayesian,
  title =        {{A Bayesian analysis of some nonparametric
                  problems}},
  author =       {Ferguson, T.S.},
  journal =      {Ann. Statist},
  volume =       1,
  number =       2,
  pages =        {209--230},
  year =         1973,
  keywords =     {ai}
}

@Article{	  filippone.ea08:survey,
  title =        {{A survey of kernel and spectral methods for
                  clustering}},
  author =       {Filippone, M. and Camastra, F. and Masulli, F. and
                  Rovetta, S.},
  journal =      {Pattern recognition},
  volume =       41,
  number =       1,
  pages =        {176--190},
  year =         2008,
  publisher =    {Elsevier},
  keywords =     {top mestrado}
}

@Article{	  fisher87:knowledge,
  title =        {{Knowledge acquisition via incremental conceptual
                  clustering}},
  author =       {Fisher, D.H.},
  journal =      {Machine learning},
  volume =       2,
  number =       2,
  pages =        {139--172},
  year =         1987,
  publisher =    {Springer},
  keywords =     {top mestrado}
}

@Article{	  foderaro91:lisp,
  author =       {John Foderaro},
  title =        {LISP: introduction},
  journal =      {Communications of the ACM},
  volume =       34,
  number =       9,
  year =         1991,
  issn =         {0001-0782},
  pages =        27,
  doi =          {http://doi.acm.org/10.1145/114669.114670},
  publisher =    {ACM},
  address =      {New York, NY, USA},
  keywords =     {computer science}
}

@InProceedings{	  fox89:stop,
  title =        {{A stop list for general text}},
  author =       {Fox, C.},
  booktitle =    {ACM SIGIR Forum},
  volume =       24,
  number =       {1-2},
  pages =        {19--21},
  year =         1989,
  organization = {ACM New York, NY, USA},
  keywords =     {top mestrado}
}

@Book{		  frank.ea99:data,
  title =        {{Data Mining: Practical machine learning tools and
                  techniques with Java implementations}},
  author =       {Frank, E. and Witten, I.H.},
  year =         1999,
  publisher =    {Morgan Kaufmann},
  keywords =     {top mestrado}
}

@Article{	  friedman97:bias,
  title =        {{On bias, variance, 0/1‚Äîloss, and the
                  curse-of-dimensionality}},
  author =       {Friedman, J.H.},
  journal =      {Data mining and knowledge discovery},
  volume =       1,
  number =       1,
  pages =        {55--77},
  year =         1997,
  publisher =    {Springer},
  keywords =     {top mestrado}
}

@inproceedings{gabriel.ea08:pattern,
  title =        {{A pattern of language evolution}},
  author =       {Gabriel, R.P. and Steele Jr, G.L.},
  booktitle =    {Celebrating the 50th Anniversary of Lisp},
  pages =        {1--10},
  year =         2008,
  organization = {ACM}
}

@Article{	  gale.ea95:good,
  title =        {{Good-turing frequency estimation without tears}},
  author =       {Gale, W.A. and Sampson, G.},
  journal =      {Journal of Quantitative Linguistics},
  volume =       2,
  number =       3,
  pages =        {217--237},
  year =         1995,
  publisher =    {Routledge},
  keywords =     {ai}
}

@Book{		  gancarz95:unix,
  author =       {M. Gancarz},
  title =        {The UNIX philosophy},
  publisher =    {Digital Press},
  year =         1995,
  address =      {Boston, MA},
  keywords =     {computer science}
}

@Article{	  good53:population,
  author =       {I J Good},
  title =        {The population frequencies of species and the
                  estimation of population parameters},
  journal =      {Biometrika},
  year =         1953,
  volume =       40,
  number =       {237--264},
  keywords =     {ai}
}

@Book{		  graham94:lisp,
  author =       {Paul Graham},
  title =        {On Lisp: Advanced Techniques for Common Lisp},
  publisher =    {Prentice Hall},
  year =         1994,
  address =      {Englewood Cliffs, NJ},
  keywords =     {computer science}
}

@Article{	  grother.ea97:fast,
  title =        {{Fast implementations of nearest neighbor
                  classifiers}},
  author =       {Grother, P.J. and Candela, G.T. and Blue, J.L.},
  journal =      {Pattern Recognition},
  volume =       30,
  number =       3,
  pages =        {459--465},
  year =         1997,
  publisher =    {Elsevier},
  keywords =     {ai}
}

@InProceedings{	  hoffman.ea08:data,
  author =       {Matthew Hoffman and Perry Cook and David Blei},
  title =        {Data-driven recomposition using the hierarchical
                  dirichlet process hidden Markov model},
  booktitle =    {Proceedings of the 2008 International Computer Music
                  Conference},
  pages =        {695-701},
  year =         2008,
  keywords =     {ai}
}

@Article{	  hotho.ea03:explaining,
  title =        {{Explaining text clustering results using semantic
                  structures}},
  author =       {Hotho, A. and Staab, S. and Stumme, G.},
  journal =      {Lecture notes in computer science},
  pages =        {217--228},
  year =         2003,
  publisher =    {Springer},
  keywords =     {top mestrado}
}

@InProceedings{	  hotho.ea03:wordnet,
  title =        {{Wordnet improves text document clustering}},
  author =       {Hotho, A. and Staab, S. and Stumme, G.},
  booktitle =    {Proc. of the SIGIR 2003 Semantic Web Workshop},
  pages =        {541--544},
  year =         2003,
  keywords =     {top mestrado}
}

@article{hull.ea08:defrosting,
  author =       {Hull, Duncan AND Pettifer, Steve R. AND Kell,
                  Douglas B.},
  journal =      {PLoS Comput Biol},
  publisher =    {Public Library of Science},
  title =        {Defrosting the Digital Library: Bibliographic Tools
                  for the Next Generation Web},
  year =         2008,
  month =        10,
  volume =       4,
  pages =        {e1000204},
  number =       10,
  doi =          {10.1371/journal.pcbi.1000204}
}

@Article{	  hung.ea04:hybrid,
  title =        {{Hybrid neural document clustering using guided
                  self-organization and WordNet}},
  author =       {Hung, C. and Wermter, S. and Smith, P.},
  journal =      {IEEE Intelligent Systems},
  volume =       19,
  number =       2,
  pages =        {68--77},
  year =         2004,
  keywords =     {top mestrado}
}

@Article{	  jain.ea00:statistical,
  title =        {{Statistical pattern recognition: A review}},
  author =       {Jain, AK and Duin, RPW and Mao, J.},
  journal =      {IEEE Transactions on pattern analysis and machine
                  intelligence},
  volume =       22,
  number =       1,
  pages =        {4--37},
  year =         2000,
  keywords =     {top mestrado}
}

@Article{	  jain.ea99:data,
  title =        {{Data clustering: a review}},
  author =       {Jain, AK and Murty, MN and Flynn, PJ},
  journal =      {ACM computing surveys},
  volume =       31,
  number =       3,
  year =         1999,
  keywords =     {top mestrado}
}

@InProceedings{	  ji.ea06:document,
  author =       {Ji,, Xiang and Xu,, Wei},
  title =        {Document clustering with prior knowledge},
  booktitle =    {SIGIR '06: Proceedings of the 29th annual
                  international ACM SIGIR conference on Research and
                  development in information retrieval},
  year =         2006,
  isbn =         {1-59593-369-7},
  pages =        {405--412},
  location =     {Seattle, Washington, USA},
  doi =          {http://doi.acm.org/10.1145/1148170.1148241},
  publisher =    {ACM},
  address =      {New York, NY, USA},
  keywords =     {top mestrado}
}

@InProceedings{	  jing.ea06:ontology,
  title =        {{Ontology-based distance measure for text
                  clustering}},
  author =       {Jing, L. and Zhou, L. and Ng, M.K. and Huang, J.Z.},
  booktitle =    {Proc. of SIAM SDM workshop on text mining, Bethesda,
                  Maryland, USA},
  year =         2006,
  keywords =     {top mestrado}
}

@Book{		  jurafsky.ea00:speech,
  title =        {{Speech and Language Processing: An Introduction to
                  Natural Language Processing, Computational
                  Linguistics, and Speech Recognition}},
  author =       {Jurafsky, D. and Martin, J.H. and Kehler, A. and
                  Vander Linden, K. and Ward, N.},
  year =         2000,
  publisher =    {MIT Press},
  keywords =     {ai}
}

@InProceedings{	  kanungo.ea02:local,
  title =        {{A local search approximation algorithm for k-means
                  clustering}},
  author =       {Kanungo, T. and Mount, D.M. and Netanyahu, N.S. and
                  Piatko, C.D. and Silverman, R. and Wu, A.Y.},
  booktitle =    {Proceedings of the eighteenth annual symposium on
                  Computational geometry},
  pages =        {10--18},
  year =         2002,
  organization = {ACM New York, NY, USA},
  keywords =     {top mestrado}
}

@Book{		  kaplan94:constructing,
  author =       {Randy M. Kaplan},
  title =        {Constructing language processors for little
                  languages},
  publisher =    {John Wiley \& Sons},
  year =         1994,
  keywords =     {computer science}
}

@Article{	  kettenring06:practice,
  title =        {{The practice of cluster analysis}},
  author =       {Kettenring, J.R.},
  journal =      {Journal of classification},
  volume =       23,
  number =       1,
  pages =        {3--30},
  year =         2006,
  publisher =    {Springer},
  keywords =     {top mestrado}
}

@Article{	  klein.ea89:experiments,
  title =        {{Experiments in projection and clustering by
                  simulated annealing}},
  author =       {Klein, R.W. and Dubes, R.C.},
  journal =      {Pattern Recognition},
  volume =       22,
  number =       2,
  pages =        {213--220},
  year =         1989,
  publisher =    {Elsevier},
  keywords =     {top mestrado}
}

@Manual{	  knuth93:computer,
  title =        {Computer Literacy Bookshop Interview},
  author =       {Donald Knuth},
  month =        {December},
  year =         1993,
  url =
                  {http://tex.loria.fr/historique/interviews/knuth-clb1993.html},
  keywords =     {internet}
}

@Book{		  kowalski97:information,
  title =        {{Information retrieval systems: theory and
                  implementation}},
  author =       {Kowalski, G.},
  year =         1997,
  publisher =    {Kluwer Academic Publishers Norwell, MA, USA},
  keywords =     {top mestrado}
}

@InProceedings{kumar.ea04:simple,
  title =        {{A simple linear time $(1+\epsilon)$-approximation
                  algorithm for k-means clustering in any dimensions}},
  author =       {Amit Kumar and Yogish Sabharwal and Sandeep Sen},
  booktitle =    {Foundations of Computer Science, 2004. Proceedings.
                  45th Annual IEEE Symposium on},
  pages =        {454--462},
  year =         2004
}

@Book{		  lamport94:latex,
  author =       {Leslie Lamport},
  title =        {LaTeX: a document preparation system},
  publisher =    {Addison Wesley Professional},
  year =         1994,
  keywords =     {computer science}
}

@Article{	  leacock.ea98:using,
  title =        {{Using corpus statistics and WordNet relations for
                  sense identification}},
  author =       {Leacock, C. and Miller, G.A. and Chodorow, M.},
  journal =      {Computational Linguistics},
  volume =       24,
  number =       1,
  pages =        {147--165},
  year =         1998,
  publisher =    {MIT Press Cambridge, MA, USA},
  keywords =     {top mestrado}
}

@article{lecun.ea06:tutorial,
  title =        {{A tutorial on energy-based learning}},
  author =       {LeCun, Y. and Chopra, S. and Hadsell, R.},
  journal =      {To appear in ‚ÄúPredicting Structured Data},
  volume =       1,
  pages =        0,
  year =         2006
}

@InProceedings{	  lemos01:metal,
  author =       {Manuel Lemos},
  title =        {{MetaL}: {XML} based meta-programming engine
                  developed with PHP},
  booktitle =    {PHP Conference 2001},
  year =         2001,
  address =      {Frankfurt},
  month =        {November},
  organization = {PHP-Center and Software \& Support Verlag},
  keywords =     {computer science},
  where =        {metal.pdf}
}

@Book{		  levine.ea92:lex,
  author =       {John R. Levine and Tony Mason and Doug Brown},
  title =        {Lex \& Yacc},
  publisher =    {O'Reilly},
  year =         1992,
  edition =      2,
  keywords =     {computer science}
}

@Article{	  lewis98:naive,
  title =        {{Naive (Bayes) at forty: The independence assumption
                  in information retrieval}},
  author =       {Lewis, D.D.},
  journal =      {Lecture Notes in Computer Science},
  volume =       1398,
  pages =        {4--18},
  year =         1998,
  publisher =    {Springer},
  keywords =     {top mestrado}
}

@Misc{		  lewis:rtc,
  title =        {{Reuters-21578 text categorization test collection,
                  Distribution 1.0, AT\&T Labs-Research}},
  author =       {Lewis, D.},
  keywords =     {top mestrado}
}

@Article{	  lin.ea04:information,
  title =        {{Information assessment on predicting
                  protein-protein interactions}},
  author =       {Lin, N. and Wu, B. and Jansen, R. and Gerstein, M.
                  and Zhao, H.},
  journal =      {BMC bioinformatics},
  volume =       5,
  number =       1,
  pages =        154,
  year =         2004,
  publisher =    {BioMed Central},
  keywords =     {top mestrado}
}

@InProceedings{lin98:automatic,
  title =        {{Automatic retrieval and clustering of similar
                  words}},
  author =       {Lin, D.},
  booktitle =    {Proceedings of the 17th international conference on
                  Computational linguistics-Volume 2},
  pages =        {768--774},
  year =         1998,
  organization = {Association for Computational Linguistics
                  Morristown, NJ, USA}
}

@Article{	  lloyd82:least,
  title =        {{Least squares quantization in PCM}},
  author =       {Lloyd, S.},
  journal =      {IEEE Transactions on Information Theory},
  annote =       {kmeans original},
  volume =       28,
  number =       2,
  pages =        {129--137},
  year =         1982,
  keywords =     {top mestrado}
}

@InProceedings{	  loper.ea02:nltk,
  title =        {{Nltk: The natural language toolkit}},
  author =       {Loper, E. and Bird, S.},
  booktitle =    {Proceedings of the ACL Workshop on Effective Tools
                  and Methodologies for Teaching Natural Language
                  Processing and Computational Linguistics},
  pages =        {62--69},
  year =         2002,
  keywords =     {top mestrado}
}

@Article{	  mackay.ea95:hierarchical,
  author =       {David J. C. Mackay and Linda C. Bauman Petoy},
  title =        {A Hierarchical Dirichlet Language Model},
  journal =      {Natural Language Engineering},
  year =         1995,
  volume =       1,
  pages =        {1--19},
  keywords =     {ai}
}

@Book{		  mackay03:information,
  title =        {{Information Theory, Inference and Learning
                  Algorithms}},
  author =       {MacKay, D.J.C.},
  year =         2003,
  publisher =    {Cambridge University Press},
  keywords =     {ai}
}

@Article{	  mackay92:information,
  title =        {{Information-based objective functions for active
                  data selection}},
  author =       {MacKay, D.J.C.},
  journal =      {Neural Computation},
  volume =       4,
  number =       4,
  pages =        {590--604},
  year =         1992,
  publisher =    {MIT Press},
  keywords =     {top mestrado}
}

@TechReport{	  mackay97:ensemble,
  author =       {David J. C. Mackay},
  title =        {Ensemble learning for hidden markov models},
  institution =  {Cambridge University},
  year =         1997,
  keywords =     {ai}
}

@Article{	  mann1950upn,
  title =        {{Unsupervised personal name disambiguation}},
  author =       {Mann, G.S. and Yarowsky, D.},
  journal =      {birth},
  pages =        6,
  year =         1950,
  keywords =     {top mestrado}
}

@Book{		  manning.ea08:introduction,
  title =        {{Introduction to information retrieval}},
  author =       {Manning, Christopher and Raghavan, P. and Schtze,
                  Hinrich},
  year =         2008,
  publisher =    {Cambridge University Press New York, NY, USA},
  keywords =     {ai}
}

@Book{		  manning.ea99:foundations,
  title =        {{Foundations of Statistical Natural Language
                  Processing}},
  author =       {Manning Christopher, D. and Shutze, H.},
  year =         1999,
  publisher =    {Cambridge: MIT Press},
  keywords =     {ai}
}

@Book{		  marchal00:xml,
  author =       {Beno√Æt Marchal},
  title =        {XML: conceitos e aplica√ß√µes},
  publisher =    {Editora Berkeley},
  year =         2000,
  address =      {S√£o Paulo},
  note =         {Trad. Daniel Vieira},
  keywords =     {computer science}
}

@Article{	  markov13:example,
  title =        {{An example of statistical investigation in the text
                  of ``Eugene Onegin'' illustrating coupling of
                  ``tests'' in chains}},
  author =       {Markov, A.A.},
  journal =      {Proceedings of the Academy of Sciences, St.
                  Petersburg},
  volume =       7,
  pages =        {153--162},
  year =         1913,
  keywords =     {ai}
}

@Article{	  maron.ea60:relevance,
  title =        {{On relevance, probabilistic indexing and
                  information retrieval}},
  author =       {Maron, ME and Kuhns, JL},
  journal =      {Journal of the ACM (JACM)},
  volume =       7,
  number =       3,
  pages =        {216--244},
  year =         1960,
  publisher =    {ACM New York, NY, USA},
  keywords =     {top mestrado}
}

@inproceedings{marshall08:writing,
  author =       {Marshall, Catherine C.},
  title =        {From writing and analysis to the repository: taking
                  the scholars' perspective on scholarly archiving},
  booktitle =    {Proceedings of the 8th ACM/IEEE-CS joint conference
                  on Digital libraries},
  year =         2008,
  isbn =         {978-1-59593-998-2},
  pages =        {251--260},
  location =     {Pittsburgh PA, PA, USA},
  doi =          {http://doi.acm.org/10.1145/1378889.1378930},
  publisher =    {ACM},
  address =      {New York, NY, USA},
}

@Article{	  marx02:xml,
  author =       {Marx},
  title =        {XML and verbosity},
  journal =      {Kuro5hin},
  year =         2002,
  month =        dec,
  url =          {http://www.kuro5hin.org/story/2002/12/2/124015/553},
  keywords =     {computer science}
}

@Article{	  maulik.ea00:genetic,
  title =        {{Genetic algorithm-based clustering technique}},
  author =       {Maulik, U. and Bandyopadhyay, S.},
  journal =      {Pattern Recognition},
  volume =       33,
  number =       9,
  pages =        {1455--1465},
  year =         2000,
  publisher =    {Elsevier},
  keywords =     {top mestrado}
}

@Misc{		  meyyappan00:gui,
  author =       {Alagappan Meyyappan},
  title =        {{GUI} development using {XML}},
  url =          {http://www.kku.ac.th/chugra/xml/gui.pdf},
  where =        {gui.pdf},
  year =         2000,
  keywords =     {computer science}
}

@Article{	  michalski.ea83:learning,
  title =        {{Learning from observation: Conceptual clustering}},
  author =       {Michalski, R.S. and Stepp, R.E.},
  journal =      {Machine Learning: An artificial intelligence
                  approach},
  volume =       1,
  pages =        {331--363},
  year =         1983,
  publisher =    {Morgan Kaufmann Pub},
  keywords =     {top mestrado}
}

@Book{		  michalski80:knowledge,
  title =        {{Knowledge acquisition through conceptual
                  clustering: A theoretical framework and an algorithm
                  for partitioning data into conjunctive concepts}},
  author =       {Michalski, R.S.},
  publisher =    {Department of Computer Science, University of
                  Illinois at Urbana-Champaign},
  year =         1980,
  keywords =     {top mestrado}
}

@Article{	  miller95:wordnet,
  title =        {{WordNet: a lexical database for English}},
  author =       {Miller, G.A.},
  journal =      {Communications of the ACM},
  volume =       38,
  number =       11,
  pages =        {39--41},
  year =         1995,
  publisher =    {ACM New York, NY, USA},
  keywords =     {top mestrado}
}

@Article{	  miller98:recursive,
  author =       {Miller, P.A.},
  title =        {Recursive make considered harmful},
  journal =      {Journal of AUUG},
  year =         1998,
  volume =       19,
  number =       1,
  pages =        {14--25},
  keywords =     {computer science},
  where =        {paper,auug97.pdf}
}

@InBook{	  minsky67:design,
  author =       {Marvin Minsky},
  title =        {Design and Planning II --- Computers in Design and
                  Communication},
  chapter =      {Why programming is a good medium for expressing
                  poorly understood and sloppily¬≠formulated ideas},
  publisher =    {Visual Committee Books and Hastings House
                  Publishers},
  year =         1967,
  address =      {New York},
  keywords =     {ai}
}

@Book{		  mitchell97:machine,
  author =       "Tom M. Mitchell",
  title =        "Machine Learning",
  publisher =    "McGraw-Hill",
  address =      "New York",
  keywords =     {ai},
  year =         1997
}

@InProceedings{	  moura.ea08:easily,
  title =        {{Easily Labelling Hierarchical Document Clusters}},
  author =       {Moura, M.F. and Marcacini, R.M. and Rezende, S.O.},
  booktitle =    {Anais do IV Workshop em Algoritmos e Aplica√ß√µes de
                  Minera√ß√£o de Dados no SBBD/SBES},
  year =         2008,
  pages =        {37--45},
  keywords =     {top mestrado}
}

@article{moura.ea09:revisiting,
  title =        {{Revisiting coroutines}},
  author =       {Ana L√∫cia de Moura and Roberto Ierusalimschy},
  journal =      {ACM Transactions on Programming Languages and
                  Systems},
  volume =       31,
  number =       2,
  pages =        {6--1},
  year =         2009,
}

@Book{		  neal.ea93:probabilistic,
  title =        {{Probabilistic Inference Using Markov Chain Monte
                  Carlo Methods}},
  author =       {Neal, R.M. and Department of Computer Science and
                  University of Toronto},
  year =         1993,
  publisher =    {Department of Computer Science, University of
                  Toronto},
  keywords =     {ai}
}

@Article{	  neumann82:first,
  title =        {{First Draft of a Report on the EDVAC}},
  author =       {von Neumann, J.},
  journal =      {The origins of digital computers: selected papers},
  pages =        {383--392},
  url =
                  {http://www.zmms.tu-berlin.de/~modys/MRT1/2003-08-TheFirstDraft.pdf},
  year =         1982,
  keywords =     {internet}
}

@InProceedings{	  ng.ea02:spectral,
  title =        {{On spectral clustering: Analysis and an algorithm}},
  author =       {Ng, A. and Jordan, M. and Weiss, Y.},
  booktitle =    {Advances in Neural Information Processing Systems
                  14: Proceedings of the 2002 Conference},
  pages =        849,
  year =         2002,
  organization = {MIT Press},
  keywords =     {top mestrado}
}

@InProceedings{	  nigam.ea98:learning,
  title =        {{Learning to classify text from labeled and
                  unlabeled documents}},
  author =       {Nigam, K. and McCallum, A. and Thrun, S. and
                  Mitchell, T.},
  booktitle =    {Proceedings of the National Conference on Artificial
                  Intelligence},
  pages =        {792--799},
  year =         1998,
  organization = {JOHN WILEY \& SONS LTD},
  keywords =     {top mestrado}
}

@Book{		  norvig92:paradigms,
  author =       {Peter Norvig},
  title =        {Paradigms of Artificial Intelligence Programming:
                  Case Studies in Common Lisp},
  year =         1992,
  isbn =         1558601910,
  publisher =    {Morgan Kaufmann Publishers Inc.},
  address =      {San Francisco, CA, USA},
  keywords =     {ai}
}

@Book{		  ousterhout93:tcl,
  author =       {John K. Ousterhout},
  title =        {Tcl and the Tk toolkit},
  publisher =    {Addison-Wesley Publishing Company, Inc.},
  year =         1993,
  keywords =     {computer science}
}

@InProceedings{	  peng.ea05:document,
  title =        {{Document classifications based on word semantic
                  hierarchies}},
  author =       {Peng, X. and Choi, B.},
  booktitle =    {Proceedings of the International Conference on
                  Artificial Intelligence and Applications (AIA‚Äô05)},
  pages =        {362--367},
  year =         2005,
  keywords =     {top mestrado}
}

@InProceedings{	  pereira.ea93:distributional,
  title =        {{Distributional clustering of English words}},
  author =       {Pereira, F. and Tishby, N. and Lee, L.},
  booktitle =    {Proceedings of the 31st annual meeting on
                  Association for Computational Linguistics},
  pages =        {183--190},
  year =         1993,
  organization = {Association for Computational Linguistics
                  Morristown, NJ, USA},
  keywords =     {top mestrado}
}

@inproceedings{pitman08:common,
  author =       {Pitman, Kent M.},
  title =        {Common Lisp: the untold story},
  booktitle =    {LISP50: Celebrating the 50th Anniversary of Lisp},
  year =         2008,
  isbn =         {978-1-60558-383-9},
  pages =        {1--12},
  location =     {Nashville, Tennessee},
  doi =          {http://doi.acm.org/10.1145/1529966.1529972},
  publisher =    {ACM},
  address =      {New York, NY, USA},
}

@Article{	  porter80:algorithm,
  title =        {An algorithm for suffix stripping},
  author =       {Porter, MF},
  journal =      {Program},
  number =       14,
  volume =       3,
  year =         1980,
  pages =        {130--137},
  keywords =     {top mestrado}
}

@Article{	  rasmussen00:infinite,
  title =        {{The infinite Gaussian mixture model}},
  author =       {Rasmussen, C.E.},
  journal =      {Advances in Neural Information Processing Systems},
  volume =       12,
  pages =        {554--560},
  year =         2000,
  keywords =     {ai}
}

@Article{	  reforgiato.ea07:num,
  title =        {{A new unsupervised method for document clustering
                  by using WordNet lexical and conceptual relations}},
  author =       {Reforgiato Recupero, D.},
  journal =      {Information Retrieval},
  volume =       10,
  number =       6,
  pages =        {563--579},
  year =         2007,
  publisher =    {Springer},
  keywords =     {top mestrado}
}

@Article{	  resnik.ea97:perspective,
  title =        {{A perspective on word sense disambiguation methods
                  and their evaluation}},
  author =       {Resnik, P. and Yarowsky, D.},
  journal =      {Tagging Text with Lexical Semantics: Why, What and
                  How},
  pages =        {79--86},
  year =         1997,
  keywords =     {ai}
}

@Article{	  resnik99:semantic,
  title =        {{Semantic similarity in a taxonomy: An
                  information-based measure and its application to
                  problems of ambiguity in natural language}},
  author =       {Resnik, P.},
  journal =      {Journal of artificial intelligence research},
  year =         1999,
  keywords =     {top mestrado}
}

@Book{		  russell.ea02:artificial,
  author =       {Stuart Russell and Peter Norvig},
  title =        {Artificial Intelligence: A Modern Approach},
  publisher =    {Prentice Hall},
  year =         2002,
  edition =      {2nd},
  keywords =     {ai}
}

@Article{	  salton.ea75:vector,
  title =        {{A vector space model for automatic indexing}},
  author =       {Salton, G. and Wong, A. and Yang, CS},
  journal =      {Communications of the ACM},
  volume =       18,
  number =       11,
  pages =        {613--620},
  year =         1975,
  publisher =    {ACM New York, NY, USA},
  keywords =     {top mestrado}
}

@Misc{		  sarkar.ea01:code,
  author =       {Soumen Sarkar and Craig Cleaveland},
  title =        {Code generation using XML based document
                  transformation},
  year =         2001,
  note =         {Available at
                  \url{http://www.theserverside.com/resources/articles/XMLCodeGen/xmltransform.pdf}},
  where =        {xmltransform.pdf},
  keywords =     {computer science}
}

@InProceedings{	  scott.ea98:text,
  title =        {{Text classification using WordNet hypernyms}},
  author =       {Scott, S. and Matwin, S.},
  booktitle =    {Use of WordNet in Natural Language Processing
                  Systems: Proceedings of the Conference},
  pages =        {38--44},
  year =         1998,
  keywords =     {top mestrado}
}

@Article{	  sedding.ea04:wordnet,
  title =        {{Wordnet-based text document clustering}},
  author =       {Sedding, J. and Kazakov, D.},
  journal =      {ROMAND},
  year =         2004,
  pages =        104,
  keywords =     {top mestrado}
}

@Book{		  seibel05:practical,
  author =       {Peter Seibel},
  title =        {Practical Common Lisp},
  publisher =    {Apress},
  year =         2005,
  keywords =     {computer science}
}

@Article{	  shannon1948mtc,
  title =        {{A mathematical theory of communications}},
  author =       {Shannon, C.E. and Weaver, W.},
  journal =      {Bell System Technical Journal},
  volume =       27,
  number =       2,
  pages =        {632--656},
  year =         1948,
  keywords =     {ai}
}

@Book{		  shapiro92:common,
  author =       {Stuart Charles Shapiro},
  title =        {Common LISP: an interactive approach},
  publisher =    {Computer Science Press},
  year =         1992,
  address =      {New York},
  keywords =     {computer science}
}

@InProceedings{	  slonim.ea00:document,
  title =        {{Document clustering using word clusters via the
                  information bottleneck method}},
  author =       {Slonim, N. and Tishby, N.},
  booktitle =    {Proceedings of the 23rd annual international ACM
                  SIGIR conference on Research and development in
                  information retrieval},
  pages =        {208--215},
  year =         2000,
  organization = {ACM New York, NY, USA},
  keywords =     {top mestrado}
}

@inproceedings{steele82:overview,
  author =       {Steele,Jr., Guy L.},
  title =        {An overview of COMMON LISP},
  booktitle =    {LFP '82: Proceedings of the 1982 ACM symposium on
                  LISP and functional programming},
  year =         1982,
  isbn =         {0-89791-082-6},
  pages =        {98--107},
  location =     {Pittsburgh, Pennsylvania, United States},
  doi =          {http://doi.acm.org/10.1145/800068.802140},
  publisher =    {ACM},
  address =      {New York, NY, USA},
}

@InProceedings{	  steinbach.ea00:comparison,
  title =        {{A comparison of document clustering techniques}},
  author =       {Steinbach, M. and Karypis, G. and Kumar, V.},
  booktitle =    {KDD workshop on text mining},
  volume =       34,
  pages =        35,
  year =         2000,
  keywords =     {top mestrado}
}

@inproceedings{stoyan08:lisp,
  author =       {Stoyan, Herbert},
  title =        {Lisp 50 years ago},
  booktitle =    {LISP50: Celebrating the 50th Anniversary of Lisp},
  year =         2008,
  isbn =         {978-1-60558-383-9},
  pages =        {1--2},
  location =     {Nashville, Tennessee},
  doi =          {http://doi.acm.org/10.1145/1529966.1529969},
  publisher =    {ACM},
  address =      {New York, NY, USA},
}

@InProceedings{	  strehl.ea00:impact,
  title =        {{Impact of similarity measures on web-page
                  clustering}},
  author =       {Strehl, A. and Ghosh, J. and Mooney, R.},
  booktitle =    {Proc. AAAI Workshop on AI for Web Search (AAAI
                  2000), Austin},
  pages =        {58--64},
  year =         2000,
  keywords =     {top mestrado}
}

@Unpublished{	  teh07:dirichlet,
  author =       "Y. W. Teh",
  title =        "{D}irichlet Processes",
  note =         "Submitted to Encyclopedia of Machine Learning",
  year =         2007,
  keywords =     {ai}
}

@inproceedings{teitelman08:history,
  author =       {Teitelman, Warren},
  title =        {History of Interlisp},
  booktitle =    {LISP50: Celebrating the 50th Anniversary of Lisp},
  year =         2008,
  isbn =         {978-1-60558-383-9},
  pages =        {1--5},
  location =     {Nashville, Tennessee},
  doi =          {http://doi.acm.org/10.1145/1529966.1529971},
  publisher =    {ACM},
  address =      {New York, NY, USA},
}

@InProceedings{terra.ea03:frequency,
  title =        {{Frequency estimates for statistical word similarity
                  measures}},
  author =       {Terra, E. and Clarke, C.L.A.},
  booktitle =    {Proceedings of the Human Language Technology and
                  North American Chapter of Association of
                  Computational Linguistics Conference 2003 (HLT/NAACL
                  2003)},
  pages =        {244--251},
  year =         2003
}

@InProceedings{	  velardi.ea01:using,
  title =        {{Using text processing techniques to automatically
                  enrich a domain ontology}},
  author =       {Velardi, P. and Fabriani, P. and Missikoff, M.},
  booktitle =    {Proceedings of the international conference on
                  Formal Ontology in Information Systems-Volume 2001},
  pages =        {270--284},
  year =         2001,
  organization = {ACM New York, NY, USA},
  keywords =     {top mestrado}
}

@Article{	  viterbi67:error,
  title =        {{Error bounds for convolutional codes and an
                  asymptotically optimum decoding algorithm}},
  author =       {Viterbi, A.},
  journal =      {Information Theory, IEEE Transactions on},
  volume =       13,
  number =       2,
  pages =        {260--269},
  year =         1967,
  keywords =     {ai}
}

@Book{		  welch99:practical,
  author =       {Brent Welch},
  title =        {Practical Programming in Tcl and Tk},
  publisher =    {Prentice Hall},
  year =         1999,
  edition =      {3rd},
  keywords =     {computer science}
}

@InProceedings{	  welling.ea06:bayesian,
  title =        {{Bayesian K-means as a ‚Äúmaximization-expectation‚Äù
                  algorithm}},
  author =       {Welling, M. and Kurihara, K.},
  booktitle =    {Proceedings of the 6th SIAM International Conference
                  on Data Mining},
  pages =        474,
  year =         2006,
  organization = {Society for Industrial Mathematics},
  keywords =     {top mestrado}
}

@inproceedings{white.ea08:massively,
  author =       {White, Jonl and Bourbaki, Nickieben},
  title =        {From massively monster machines to microchips:
                  forces affecting Lisp language design for five
                  decades},
  booktitle =    {LISP50: Celebrating the 50th Anniversary of Lisp},
  year =         2008,
  isbn =         {978-1-60558-383-9},
  pages =        {1--2},
  location =     {Nashville, Tennessee},
  doi =          {http://doi.acm.org/10.1145/1529966.1529968},
  publisher =    {ACM},
  address =      {New York, NY, USA},
}

@InProceedings{	  wu.ea94:verb,
  title =        {{Verb semantics and lexical selection}},
  author =       {Wu, Z. and Palmer, M.},
  booktitle =    {Proceedings of the 32nd annual meeting of the
                  Association for Computational Linguistics},
  pages =        {133--138},
  year =         1994,
  organization = {Las Cruces, New Mexico},
  keywords =     {top mestrado}
}

@InProceedings{	  xing.ea02:distance,
  title =        {{Distance metric learning with application to
                  clustering with side-information}},
  author =       {Xing, E.P. and Ng, A.Y. and Jordan, M.I. and
                  Russell, S.},
  booktitle =    {Advances in Neural Information Processing Systems
                  14: Proceedings of the 2002 Conference},
  pages =        {521--528},
  year =         2002,
  keywords =     {top mestrado}
}

@Article{	  xu.ea05:survey,
  title =        {{Survey of clustering algorithms}},
  author =       {Xu, R. and Donald Wunsch, II},
  journal =      {IEEE Transactions on Neural Networks},
  volume =       16,
  number =       3,
  pages =        645,
  year =         2005,
  keywords =     {top mestrado}
}

@Article{	  zerbst03:processing,
  author =       {Carsten Zerbst},
  title =        {Processing XML documents with Tcl and tDOM},
  journal =      {Linux Magazine},
  year =         2003,
  keywords =     {computer science}
}

@Book{		  zhao.ea05:criterion,
  title =        {{Criterion functions for document clustering}},
  author =       {Zhao, Y. and Karypis, G.},
  year =         2005,
  publisher =    {University of Minnesota},
  keywords =     {top mestrado}
}

@InProceedings{	  zhong05:efficient,
  title =        {{Efficient online spherical k-means clustering}},
  author =       {Zhong, S.},
  booktitle =    {2005 IEEE International Joint Conference on Neural
                  Networks, 2005. IJCNN'05. Proceedings},
  year =         2005,
  volume =       5,
  keywords =     {top mestrado}
}
