@Book{		  agon06:openmusic,
  editor =       {C. Agon, G. Assayag, J. Bresson},
  title =        {THE OM COMPOSER'S BOOK},
  publisher =    {Editions Delatour France/Ircam},
  year =         2006,
  volume =       1,
  keywords =     {computer music}
}

@Book{		  agon08:openmusic,
  editor =       {C. Agon, G. Assayag, J. Bresson},
  title =        {THE OM COMPOSER'S BOOK},
  publisher =    {Editions Delatour France/Ircam},
  year =         2008,
  volume =       2,
  keywords =     {computer music}
}

@Article{	  ames90:statistics,
  author =       {Charles Ames},
  title =        {Statistics and compositional balance},
  journal =      pnm,
  year =         1990,
  volume =       28,
  number =       1,
  pages =        {80--111},
  keywords =     {computer music},
  where =        {e401-1990-028-01-000004-1-32.pdf, paper}
}

@Misc{		  anders03:composing,
  author =       {Torsten Anders},
  title =        {Composing Music by Composing Rules: Computer Aided
                  Composition employing Constraint Logic Programming},
  year =         2003,
  note =         {Disponível em
                  \url{http://citeseerx.ist.psu.edu/viewdoc/download?doi=10.1.1.101.2821&rep=rep1&type=url&i=0}},
  keywords =     {computer music}
}

@PhdThesis{anders07:composing,
  title =        {{Composing Music by Composing Rules: Design and
                  Usage of a Generic Music Constraint System}},
  author =       {Anders, T.},
  year =         2007,
  school =       {School of Music and Sonic Arts, Queen’s University
                  Belfast}
}

@Article{	  anderson86:accurately,
  author =       {David P. Anderson and Ron Kuivila},
  title =        {Accurately timed generation of discrete musical
                  events},
  journal =      cmj,
  year =         1986,
  volume =       10,
  number =       3,
  keywords =     {computer music},
  where =        {paper},
  pages =        {48--55}
}

@InProceedings{	  assayag97:object,
  author =       {Gérard Assayag and Carlos Agon and Joshua Fineberg
                  and Peter Hanappe},
  title =        {An object oriented visual environment for musical
                  composition},
  booktitle =    {Proceedings of the 1997 International Computer Music
                  Conference},
  publisher =    cma,
  location =     {San Francisco},
  year =         1997,
  pages =        {364--367},
  keywords =     {computer music},
  where =
                  {Object-Oriented-Visual-Environment-For-Musical-Composition.ps}
}

@Article{	  balaban96:music,
  author =       {Mira Balaban},
  title =        {The music structures approach to knowledge
                  representation for music processing},
  journal =      cmj,
  year =         1996,
  volume =       20,
  number =       2,
  pages =        {96--111},
  where =        {music-structures.pdf},
  keywords =     {computer music}
}

@Manual{	  bartetzki:csound,
  author =       {Andre Bartetzki},
  title =        {Csound score generation and granular synthesis with
                  cmask},
  url =
                  {http://www.kgw.tu-berlin.de/~abart/CMaskPaper/cmask-article.html},
  lastaccess =   {2002-09-12},
  year =         1997,
  keywords =     {computer music},
  where =        {cmask-article.ps}
}

@InProceedings{	  bernardini98:making,
  author =       {Bernardini, Nicola},
  title =        {Making sounds with numbers: a tutorial on music
                  software dedicated to digital audio},
  booktitle =    {First COST-G6 Workshop on Digital Audio Effects},
  year =         1998,
  address =      {Barcelona, Spain},
  where =        {BER42.PS},
  keywords =     {computer music}
}

@InProceedings{	  bilmes92:model,
  author =       {Jeff Bilmes},
  title =        {A model for musical rhythm},
  booktitle =    {Proceedings of the 1992 International Computer Music
                  Conference},
  pages =        {207--210},
  publisher =    cma,
  location =     {San Francisco},
  year =         1992,
  keywords =     {computer music},
  where =        {icmc92\_paper.ps.gz}
}

@Book{		  boulanger00:book,
  editor =       {Richard Boulanger},
  title =        {The Csound Book},
  publisher =    {MIT Press},
  year =         2000,
  address =      {Boston},
  keywords =     {computer music}
}

@Manual{	  boulanger2002:csound,
  title =        {The csound FAQ},
  author =       {Richard Boulanger},
  url =          {http://www.csounds.com/faq/index.html},
  keywords =     {computer music},
  year =         2002,
  lastaccess =   {2003-02-24}
}

@InProceedings{	  brandon00:next,
  author =       {Stephen Brandon and Leigh M. Smith},
  title =        {Next steps from NeXTSTEP: music kit and sound kit in
                  a new world},
  booktitle =    {Proceedings of the 2000 International Computer Music
                  Conference},
  pages =        {503--506},
  year =         2000,
  address =      {San Francisco},
  publisher =    cma,
  keywords =     {computer music},
  where =        {musickit-ICMC2000.pdf}
}

@InProceedings{	  brandt00:temporal,
  author =       {Eli Brandt},
  title =        {Temporal type constructors for computer music
                  programming},
  booktitle =    {Proceedings of the 2000 International Computer Music
                  Conference},
  pages =        {328--331},
  year =         2000,
  address =      {San Francisco},
  publisher =    cma,
  where =        {eub-icmc00.pdf},
  keywords =     {computer music}
}

@InProceedings{	  brandt01:implementing,
  author =       {Eli Brandt},
  title =        {Implementing temporal type constructors for music
                  programming},
  booktitle =    {Proceedings of the 2001 International Computer Music
                  Conference},
  pages =        {99--102},
  year =         2001,
  address =      {San Francisco},
  publisher =    cma,
  where =        {icmc01-types.ps},
  keywords =     {computer music}
}

@PhDThesis{	  brandt02:temporal,
  author =       {Eli Brandt},
  title =        {Temporal type constructors for computer music
                  programming},
  school =       {Carnegie Mellon University},
  year =         2002,
  where =        {temporal-type-diss.ps},
  keywords =     {computer music}
}

@InProceedings{	  brinkman81:data,
  author =       {Alexander R. Brinkman},
  title =        {Data structures for a music-11 preprocessor},
  booktitle =    {Proceedings of the 1981 International Computer Music
                  Conference},
  pages =        {178--95},
  year =         1981,
  address =      {San Francisco},
  publisher =    cma,
  keywords =     {computer music},
  where =        {paper}
}

@InProceedings{	  brinkman84:data,
  author =       {Alexander R. Brinkman},
  title =        {A data structure for computer analysis of musical
                  scores},
  booktitle =    {Proceedings of the 1984 International Computer Music
                  Conference},
  pages =        {233--242},
  year =         1984,
  address =      {San Francisco},
  publisher =    cma,
  keywords =     {computer music},
  where =        {paper}
}

@Article{	  brinkman86:binomial,
  author =       {Brinkman, Alexander R.},
  title =        {A Binomial Representation of Pitch for Computer
                  Processing of Musical Data},
  journal =      {Music Theory Spectrum},
  year =         1986,
  volume =       8,
  pages =        {44-57},
  keywords =     {coding}
}

@Article{	  buxton78:hierarchy,
  author =       {Buxton, W. and W. Reeves and R. Baecker and L.
                  Mezei},
  title =        {The use of hierarchy and instance in a data
                  structure for computer music},
  journal =      cmj,
  year =         1978,
  volume =       2,
  number =       4,
  where =        {paper},
  pages =        {10--20},
  keywords =     {computer music}
}

@Article{	  buxton79:evolution,
  author =       {Buxton, W. and R. Sniderman and W. Reeves and R.
                  Patel and R. Baecker},
  title =        {The evolution of the SSSP score-editing tools},
  journal =      cmj,
  year =         1979,
  volume =       3,
  number =       4,
  where =        {paper},
  pages =        {14--25},
  keywords =     {computer music}
}

@Article{	  byrd94:music,
  author =       {Donald Byrd},
  title =        {Music notation software and intelligence},
  journal =      cmj,
  year =         1994,
  volume =       18,
  number =       1,
  pages =        {17--20},
  keywords =     {computer music},
  where =        {paper}
}

@InProceedings{	  cahill01:score,
  author =       {Cahill, M and Ó Maidín, D.},
  title =        {Score processing for MIR},
  booktitle =    {Proceedings of the Second Annual International
                  Symposium on Music Information Retrieval},
  pages =        {59--64},
  year =         2001,
  address =      {Bloomington},
  keywords =     {computer music},
  where =        {ISMIR.pdf}
}

@MastersThesis{	  cahill98:translation,
  author =       {Margaret Cahill},
  title =        {The translation of finale's enigma file format for
                  CPNView},
  school =       {University of Limerick},
  year =         1998,
  keywords =     {computer music},
  where =        {thesis-finale.pdf}
}

@inproceedings{cambouropoulos01:automatic,
  title =        {{Automatic pitch spelling: From numbers to sharps
                  and flats}},
  author =       {Cambouropoulos, E.},
  booktitle =    {VIII Brazilian Symposium on Computer Music (SBC\&M
                  2001), Fortaleza, Brazil},
  pages =        {2001--12},
  year =         2001,
  keywords =     {codification}
}

@Manual{	  castan02:music,
  author =       {Gerd Castan},
  title =        {Music notation},
  year =         2002,
  url =          {http://www.music-notation.info/},
  lastaccess =   {2002-12-13},
  keywords =     {computer music}
}

@Article{	  cemgil00:rhythm,
  author =       {A. Cemgil and P. Desain and B. Kappen},
  title =        {Rhythm quantization for transcription},
  journal =      cmj,
  year =         2000,
  volume =       24,
  number =       2,
  pages =        {60--76},
  keywords =     {computer music},
  where =        {cdk-1.ps, cdk-2.pdf}
}

@Article{	  cemgil01:tempo,
  author =       {A. Cemgil and B. Kappen and P. Desain and H. Honing},
  title =        {On tempo tracking: tempogram representation and
                  Kalman filtering},
  journal =      jnmr,
  year =         2001,
  volume =       29,
  number =       4,
  pages =        {259--273},
  keywords =     {computer music},
  where =        {mmm-27.ps}
}

@Manual{	  chicha99:cpp,
  title =        {A C++ to XML translator},
  author =       {Yannis Chicha and Florence Defaix and Stephen M.
                  Watt},
  organization = {The FRISCO consortium},
  year =         1999,
  url =
                  {http://www.nag.co.uk/Projects/Frisco/reports/cpp2xml.ps},
  lastaccess =   {2002-09-12},
  keywords =     {computer music},
  where =        {cpp2xml.ps}
}

@Article{	  chowning77:simulation,
  author =       {John M. Chowning},
  title =        {The Simulation of Moving Sound Sources},
  journal =      cmj,
  year =         1977,
  volume =       1,
  number =       3,
  pages =        {48--52},
  keywords =     {computer music}
}

@InProceedings{	  clements80:musical,
  author =       {Peter J. Clements},
  title =        {Musical data structures in a multi-use environment},
  booktitle =    {Proceedings of the 1980 International Computer Music
                  Conference},
  pages =        {231--244},
  year =         1980,
  keywords =     {coding}
}

@Book{		  cope04:virtual,
  author =       {David Cope},
  title =        {Virtual Music: Computer Synthesis of Musical Style},
  publisher =    {The MIT Press},
  year =         2004,
  keywords =     {computer music}
}

@Article{	  dahan01:csound,
  author =       {Kevin Dahan},
  title =        {Csound: from the acoustical compiler to the sound
                  synthesis ecosystem},
  journal =      {Csound Magazine},
  year =         2001,
  url =          {http://www.csounds.com/ezine},
  lastaccess =   {2002-07-09},
  month =        {Winter},
  keywords =     {computer music},
  where =        {csound-eco.ps.gz}
}

@Article{	  dannenberg86:arctic,
  author =       {R. B. Dannenberg and Paul McAvinney and Dean Rubine},
  title =        {Arctic: a functional language for real-time systems},
  journal =      cmj,
  year =         1986,
  volume =       10,
  number =       4,
  pages =        {67--78},
  keywords =     {computer music},
  where =        {paper}
}

@InProceedings{	  dannenberg86:structure,
  author =       {R. B. Dannenberg},
  title =        {A structure for representing, displaying and editing
                  music},
  booktitle =    {Proceedings of the 1986 International Computer Music
                  Conference},
  pages =        {153--60},
  year =         1986,
  address =      {San Francisco},
  keywords =     {computer music},
  where =        {paper},
  publisher =    cma
}

@Article{	  dannenberg89:canon,
  author =       {R. B. Dannenberg},
  title =        {The canon score language},
  journal =      cmj,
  year =         1989,
  volume =       13,
  number =       1,
  pages =        {47--56},
  keywords =     {computer music},
  where =        {canoncmj.ps, paper}
}

@InCollection{	  dannenberg91:expressing,
  author =       {R. B. Dannenberg},
  title =        {Expressing temporal behavior declaratively},
  booktitle =    {CMU Computer Science, A 25th Anniversary
                  Commemorative},
  pages =        {47--68},
  publisher =    {ACM Press},
  year =         1991,
  editor =       {Richard F. Rashid},
  keywords =     {computer music},
  where =        {cs25arctic.ps.Z}
}

@Article{	  dannenberg91:fugue,
  author =       {R. B. Dannenberg and C. L. Fraley and P. Velikonja},
  title =        {Fugue: a functional language for sound synthesis},
  journal =      cmj,
  year =         1991,
  volume =       24,
  number =       7,
  pages =        {36--42},
  keywords =     {computer music}
}

@InCollection{	  dannenberg92:functional,
  author =       {R. B. Dannenberg and C. L. Fraley and P. Velikonja},
  title =        {A functional language for sound synthesis with
                  behavioral abstraction and lazy evaluation},
  booktitle =    {Readings in Computer-Generated Music},
  publisher =    {IEEE Computer Society Press},
  year =         1992,
  editor =       {Denis Baggi},
  address =      {Los Alamitos, CA},
  keywords =     {computer music},
  where =        {longfugue2.ps}
}

@InProceedings{	  dannenberg93:implementation,
  author =       {R. B. Dannenberg},
  title =        {The implementation of nyquist, a sound synthesis
                  language},
  booktitle =    {Proceedings of the 1993 International Computer Music
                  Conference},
  pages =        {168--171},
  year =         1993,
  address =      {San Francisco},
  publisher =    cma,
  keywords =     {computer music},
  where =        {9710114073.pdf, nyquist93.ps.Z}
}

@Article{	  dannenberg93:music,
  author =       {R. B. Dannenberg},
  title =        {Music representation: issues, techniques, and
                  systems},
  journal =      cmj,
  year =         1993,
  volume =       17,
  number =       3,
  pages =        {20--30},
  keywords =     {computer music},
  where =        {issues.pdf,paper}
}

@InProceedings{	  dannenberg94:abstract,
  author =       {R. B. Dannenberg},
  title =        {Abstract time warping of compound events and
                  signals},
  booktitle =    {Proceedings of the 1994 International Computer Music
                  Conference},
  pages =        {251--254},
  year =         1994,
  address =      {San Francisco},
  publisher =    cma,
  keywords =     {computer music},
  where =        {9710114071.pdf, nywarp.ps.Z}
}

@Article{	  dannenberg97:machine,
  author =       {R. B. Dannenberg},
  title =        {Machine tongues {XIX}: nyquist a language for
                  composition and sound synthesis},
  journal =      cmj,
  year =         1997,
  volume =       21,
  number =       3,
  pages =        {50--60},
  keywords =     {computer music},
  where =        {dan-nyquist.pdf}
}

@InCollection{	  dannenberg97:programming,
  author =       {Dannenberg, R.B. and Desain, P.W.M. and Honing,
                  H.J.},
  editor =       {C. Roads and S.T. Pope and G. De Poli},
  booktitle =    {Musical signal processing},
  title =        {Programming language design for music},
  publisher =    {Swets and Zeitlinger},
  year =         1997,
  address =      {Lisse},
  pages =        {271--315},
  keywords =     {computer music},
  where =        {paper}
}

@InProceedings{	  decker84:modular,
  author =       {Decker, S. and G. Kendall},
  title =        {A modular approach to sound synthesis software},
  booktitle =    {Proceedings of the 1984 International Computer Music
                  Conference},
  pages =        {243--250},
  year =         1984,
  address =      {San Francisco},
  publisher =    cma,
  keywords =     {computer music},
  where =        {paper}
}

@InProceedings{	  desain00:identification,
  author =       {Desain, P. and Jansen, C. and Honing, H.},
  title =        {How identification of rhythmic categories depends on
                  tempo and meter},
  year =         2000,
  booktitle =    {Proceedings of the Sixth International Conference on
                  Music Perception and Cognition},
  address =      {Keele, UK},
  organization = {Keele University, Departmentof Psychology},
  keywords =     {computer music},
  where =        {mmm-29.pdf}
}

@InCollection{	  desain00:rhythmic,
  author =       {Desain, P. and Honing, H. and Aarts, R. and Timmers,
                  R.},
  title =        {Rhythmic aspects of vibrato},
  booktitle =    {Rhythm perception and production},
  pages =        {203--216},
  publisher =    {Swets and Zeitlinger},
  year =         2000,
  editor =       {Desain, P. and Windsor, W. L.},
  address =      {Lisse},
  keywords =     {computer music},
  where =        {dhat-2.pdf}
}

@Article{	  desain88:loco,
  author =       {P. Desain and H. Honing},
  title =        {LOCO: a composition microworld in logo},
  journal =      cmj,
  year =         1988,
  volume =       12,
  number =       3,
  pages =        {30--42},
  keywords =     {computer music},
  where =        {paper}
}

@Article{	  desain92:time,
  author =       {Desain, P. and H. Honing},
  title =        {Time functions function best as functions of
                  multiple times},
  journal =      cmj,
  year =         1992,
  volume =       16,
  number =       2,
  pages =        {17--34},
  keywords =     {computer music},
  where =        {paper,dh-92-f.rtf}
}

@Article{	  desain93:mins,
  author =       {Desain, P. and Honing, H. },
  title =        {The mins of max},
  journal =      cmj,
  year =         1993,
  volume =       17,
  number =       2,
  pages =        {3--11},
  keywords =     {computer music},
  where =        {dh-93-b.txt, paper}
}

@Article{	  desain93:tempo,
  author =       {Desain, P. and Honing, H.},
  title =        {Tempo curves considered harmful},
  journal =      cmr,
  year =         1993,
  volume =       7,
  number =       2,
  pages =        {123--138},
  keywords =     {computer music},
  where =        {dh-93-f.pdf}
}

@InCollection{	  desain96:lisp1,
  author =       {Desain, P. and Honing, H.},
  booktitle =    {Lisp as a second language: composing programs and
                  music},
  title =        {Functional style},
  publisher =    {Swets and Zeitlinger},
  address =      {Lisse},
  year =         1996,
  where =        {dh-++-b1.rtf},
  keywords =     {computer music}
}

@InCollection{	  desain96:lisp2,
  author =       {Desain, P. and Honing, H.},
  booktitle =    {Lisp as a second language: composing programs and
                  music},
  title =        {Object-oriented style I},
  publisher =    {Swets and Zeitlinger},
  address =      {Lisse},
  year =         1996,
  where =        {dh-++-b2.rtf},
  keywords =     {computer music}
}

@InProceedings{	  deyer84:toward,
  author =       {Lounette M. Deyer},
  title =        {Toward a device independent representation of music},
  booktitle =    {Proceedings of the 1984 International Computer Music
                  Conference},
  pages =        {251--255},
  year =         1984,
  address =      {San Francisco},
  publisher =    cma,
  where =        {paper},
  keywords =     {computer music}
}

@PhDThesis{	  diener90:modeling,
  author =       {Glendon Ross Diener},
  title =        {Modeling music notation: a three-dimensional
                  approach},
  school =       {Stanford university},
  year =         1990,
  keywords =     {computer music},
  where =        {modeling-music-notation.pdf}
}

@InProceedings{douthett.ea09:formal,
  title =        {{Formal Diatonic Intervallic Notation}},
  author =       {Douthett, J. and Hook, J.},
  booktitle =    {Mathematics and Computation in Music: Second
                  International Conference, MCM 2009, New Haven, CT,
                  USA, June 19-22, 2009. Proceedings},
  pages =        104,
  year =         2009,
  organization = {Springer}
}

@InProceedings{	  droettboom01:expressive,
  author =       {Droettboom, M. and Fujinaga, I. and MacMillan, K.
                  and Patton, M. and Warner, J. and Choudhury, G. S.
                  and DiLauro, T.},
  title =        {Expressive and efficient retrieval of symbolic
                  musical data},
  booktitle =    {Proceedings of the Second Annual International
                  Symposium on Music Information Retrieval},
  pages =        {173--178},
  year =         2001,
  address =      {Bloomington},
  keywords =     {computer music},
  where =        {searching.pdf}
}

@InProceedings{	  droettboom01:interpreting,
  author =       {Michael D. and I. Fujinaga},
  title =        {Interpreting the semantics of music notation using
                  an extensible and object-oriented system},
  booktitle =    {Ninth International Python Conference},
  year =         2001,
  url =          {http://www9.org/w9cdrom/start.html},
  lastaccess =   {2002-09-12},
  keywords =     {computer music},
  where =        {omi.ps}
}

@Manual{	  droettboom:study,
  author =       {M. Droettboom},
  title =        {A study of musical notation description languages},
  fixme =        {make note},
  url =          {http://gigue.peabody.jhu.edu/~mdboom/},
  lastaccess =   {2002-07-09},
  keywords =     {computer music},
  where =        {guido-mudela-format.pdf}
}

@article{ebcioglu90:expert,
  title =        {{An expert system for harmonizing chorales in the
                  style of JS Bach}},
  Author =       {Кем Al Ebcioglu},
  Journal =      {The Journal of Logic Programming},
  volume =       10,
  pages =        {145--1X5},
  year =         1990
}

@InProceedings{	  fitsioris.ea08:parallel,
  author =       {G. Fitsioris and D. Conklin},
  title =        {Parallel successions of perfect fifths in the Bach
                  chorales},
  booktitle =    {CIM08: Fourth Conference on Interdisciplinary
                  Musicology},
  year =         2008,
  address =      {Thessaloniki, Greece},
  keywords =     {computational musicology}
}

@Article{	  ghias.ea95:query,
  author =       {Asif Ghias and Jonathan Logan and David Chamberlin
                  and Brian C. Smith},
  title =        {Query by Humming: Musical Information Retrieval in
                  an Audio Database},
  journal =      {ACM Multimedia},
  year =         1995,
  pages =        {231--236},
  citeseerurl =  {http://citeseer.ist.psu.edu/136698.html},
  url =
                  {http://www.cs.cornell.edu/info/faculty/bsmith/query-by-humming.html},
  keywords =     {audio}
}

@Article{	  gogins01:modernizing,
  author =       {Michael Gogins},
  title =        {Modernizing csound},
  journal =      {Csound Magazine},
  year =         2001,
  url =          {http://www.csounds.com/ezine},
  lastaccess =   {2002-07-09},
  month =        {Winter},
  keywords =     {computer music},
  where =        {modernizing-csound.ps}
}

@InProceedings{	  gogins98:music,
  author =       {Michael Gogins},
  title =        {Music graphs for algorithmic composition and
                  synthesis with extensible implementation in java},
  booktitle =    {Proceedings of the 1998 International Computer Music
                  Conference},
  pages =        {369--376},
  year =         1998,
  address =      {San Francisco},
  publisher =    cma,
  keywords =     {computer music},
  where =        {MusicGraphs.pdf,paper}
}

@Article{	  haken93:tilia,
  author =       {Lippold Haken and Dorothea Blostein},
  title =        {The tilia music representation: extensibility,
                  abstraction, and notation contexts for the lime
                  music editor},
  journal =      cmj,
  year =         1993,
  volume =       17,
  number =       3,
  pages =        {43--58},
  keywords =     {computer music},
  where =        {paper}
}

@PhDThesis{	  hanappe99:design,
  author =       {Peter Hanappe},
  title =        {Design and implementation of an integrated
                  environment for music composition and synthesis},
  school =       {University of Paris},
  year =         1999,
  keywords =     {computer music},
  where =        {diss-environment-synthesis.pdf}
}

@InCollection{	  harvey87:mirror,
  author =       {Jonathan Harvey},
  title =        {The mirror of ambiguity},
  booktitle =    {The language of electro-acoustic music},
  pages =        {175--190},
  publisher =    {Macmillan},
  year =         1987,
  editor =       {Simon Emmerson},
  keywords =     {computer music}
}

@article{haus2005music,
  title =        {{Music segmentation: an xml-oriented approach}},
  author =       {Haus, G. and Ludovico, L.A.},
  journal =      {Lecture Notes in Computer Science},
  volume =       3310,
  pages =        2005,
  year =         2005,
  publisher =    {Springer}
}

@Article{	  haynes80:musician,
  author =       {Stanley Haynes},
  title =        {The musician-machine interface in digital sound
                  synthesis},
  journal =      cmj,
  year =         1980,
  volume =       4,
  number =       4,
  pages =        {23--44},
  keywords =     {computer music},
  where =        {paper}
}

@InProceedings{heinrich09:software,
  author =       {Heinrich Taube, William Andrew Burnson},
  title =        {Software for Teaching Music Theory},
  booktitle =    {Proceedings of the 2009 International Computer Music
                  Conference},
  year =         2009
}

@Article{	  hewlett92:base-40,
  author =       {Hewlett, Walter B.},
  title =        {A base-40 number-line representation of musical
                  pitch notation},
  journal =      {Musikometrika},
  year =         1992,
  volume =       4,
  pages =        {1-14},
  url =          {http://www.ccarh.org/publications/reprints/base40/},
  keywords =     {coding}
}

@Article{	  honing01:timing,
  author =       {Honing, H.},
  title =        {From time to time: the representation of timing and
                  tempo},
  journal =      cmj,
  year =         2001,
  volume =       35,
  number =       3,
  pages =        {50--61},
  keywords =     {computer music},
  where =        {mmm-1.pdf}
}

@Article{	  honing93:issues,
  author =       {Henkjan H.},
  title =        {Issues on the represtentation of time and structure
                  in music},
  journal =      cmr,
  year =         1993,
  volume =       9,
  pages =        {221--238},
  keywords =     {computer music},
  where =        {h-93-b.pdf, paper}
}

@Article{	  honing95:vibrato,
  author =       {Honing, H.},
  title =        {The vibrato problem, comparing two solutions},
  journal =      cmj,
  year =         1995,
  volume =       19,
  number =       3,
  pages =        {32--49},
  keywords =     {computer music},
  where =        {h-95-a.pdf}
}

@InProceedings{	  hoos01:guido,
  author =       "H. Hoos and K. Renz and M. Görg",
  title =        "GUIDO/MIR---an experimental musical information
                  retrieval system based on GUIDO music notation",
  booktitle =    {Proceedings of the Second Annual International
                  Symposium on Music Information Retrieval},
  year =         2001,
  pages =        00,
  keywords =     {computer music},
  where =        {guido-hoos.pdf},
  fixme =        {page numbers}
}

@InCollection{	  hoos01:representing,
  author =       {H. Hoos and K. Hamel and K. Renz and J. Kilian},
  title =        {Representing score-level music using the GUIDO
                  music-notation format},
  booktitle =    {The Virtual Score: Representation, Retrieval,
                  Restoration},
  pages =        {75--94},
  publisher =    {The MIT Press},
  year =         2001,
  editor =       {Walter B. Hewlett and Eleanor Selfridge-Field},
  volume =       12,
  series =       {Computing in Musicology},
  keywords =     {computer music},
  where =        {paper}
}

@InProceedings{	  hoos98:guido,
  author =       {H. H. Hoos and K. A. Hamel and K. Renz, J. Kilian},
  title =        {The GUIDO music notation format---a novel approach
                  for adequately representing score-level music},
  booktitle =    {Proceedings of the 1998 International Computer Music
                  Conference},
  pages =        {451--454},
  year =         1998,
  address =      {San Francisco},
  publisher =    cma,
  keywords =     {computer music},
  where =        {guido-icmc98-gmn.pdf}
}

@Article{	  huron02:music,
  author =       {Huron, David Brian},
  title =        {Music information processing using the humdrum
                  toolkit: concepts, examples, and lessons},
  journal =      cmj,
  year =         2002,
  volume =       26,
  number =       2,
  pages =        {11--26},
  keywords =     {computer music},
  where =        {26.2huron.pdf}
}

@Manual{	  iso99:information,
  author =       {ISO/IEC},
  title =        {Information technology---coding of audio-visual
                  objects},
  keywords =     {computer music},
  where =        {SA-FDIS.pdf},
  url =          {http://sound.media.mit.edu/~eds/mpeg4/SA-FDIS.pdf},
  lastaccess =   {2003-11-10},
  year =         1999
}

@Manual{	  iso:smdl,
  author =       {ISO/IEC},
  title =        {Standard music description language},
  keywords =     {computer music},
  where =        {10743.pdf},
  url =          {ftp://ftp.techno.com/pub/SMDL/10743.ps},
  lastaccess =   {2002-09-12},
  year =         1995
}

@Book{		  jaffe89:from,
  author =       {David A. Jaffe},
  title =        {From the classical software synthesis note-list to
                  the NeXT score-file},
  publisher =    {NeXT Computer, Inc},
  year =         1989,
  address =      {Redwood City},
  keywords =     {computer music},
  where =        {NoteListToScorefile.pdf}
}

@Article{	  jaffe89:overview,
  author =       {David A. Jaffe and Lee R. Boynton},
  title =        {An overview of the sound and music kits for the next
                  computer},
  journal =      cmj,
  year =         1989,
  volume =       13,
  number =       2,
  pages =        {48--55},
  keywords =     {computer music},
  where =        {paper}
}

@InProceedings{	  jaffe91:musical,
  author =       {David A. Jaffe},
  title =        {Musical and extra-musical applications of the NeXT
                  music kit},
  booktitle =    {Proceedings of the 1991 International Computer Music
                  Conference},
  pages =        {521--524},
  year =         1991,
  address =      {San Francisco},
  publisher =    cma,
  keywords =     {computer music},
  where =        {MusicApplications.pdf}
}

@InProceedings{	  jaffe93:real,
  author =       {David A. Jaffe and Julius O. Smith},
  title =        {Real time sound processing and synthesis on multiple
                  DSPs using the music kit and the ariel
                  quintprocessor},
  booktitle =    {Proceedings of the 1993 International Computer Music
                  Conference},
  pages =        {464--467},
  year =         1993,
  address =      {San Francisco},
  publisher =    cma,
  keywords =     {computer music},
  where =        {MusicKit-NWExpo93.pdf}
}

@article{jan04:meme,
  author =       {Jan, Steven},
  title =        {Meme Hunting with the Humdrum Toolkit: Principles,
                  Problems, and Prospects},
  journal =      {Computer Music Journal},
  volume =       28,
  number =       4,
  pages =        {68-84},
  year =         2004,
  keywords =     {humdrum},
  doi =          {10.1162/0148926042728403},
  URL =
                  {http://www.mitpressjournals.org/doi/abs/10.1162/0148926042728403},
}

@InCollection{	  karpen00:pvoc,
  author =       {Richard Karpen},
  editor =       {Richard Boulanger},
  address =      {Boston},
  keywords =     {computer music},
  title =        {Csound's phase vocoder and extensions},
  booktitle =    {The Csound Book},
  pages =        {541--560},
  publisher =    {MIT Press},
  year =         2000
}

@TechReport{	  koenen99:mpeg,
  author =       {Rob Koenen},
  title =        {Overview of the MPEG standard},
  institution =  {ISO/IEC JTC1/SC29/WG11},
  year =         1999,
  keywords =     {computer music},
  where =        {w3156.pdf}
}

@InCollection{	  kugel92:beyond,
  author =       {Peter Kugel},
  title =        {Beyond computational musicology},
  booktitle =    {Understanding music with AI: perspectives on music
                  cognition},
  year =         1992,
  isbn =         {0-262-52170-9},
  pages =        {30--48},
  publisher =    {MIT Press},
  address =      {Cambridge, MA, USA},
  keywords =     {computational musicology}
}

@article{laurson.ea09:overview,
  title =        {{An overview of pwgl, a visual programming
                  environment for music}},
  author =       {Laurson, M. and Kuuskankare, M. and Norilo, V.},
  journal =      {Computer Music Journal},
  volume =       33,
  number =       1,
  pages =        {19--31},
  year =         2009,
  publisher =    {MIT Press}
}

@InProceedings{	  laurson99:pwcollider,
  author =       {M. Laurson},
  title =        {PWCollider: a visual composition tool for software
                  synthesis},
  booktitle =    {Proceedings of the 1999 International Computer Music
                  Conference},
  pages =        {20--23},
  year =         1999,
  address =      {San Francisco},
  publisher =    cma,
  where =        {pwcollider.pdf},
  keywords =     {computer music}
}

@InProceedings{lazzarini.ea06:spectral,
  author =       {Lazzarini, Victor and Timoney, J. and Lysaght, T.},
  title =        {Spectral Signal Processing in Csound 5},
  booktitle =    {Proceedings of the 2006 International Computer Music
                  Conference},
  year =         2006
}

@Unpublished{lebar.ea08:classifying,
  title =        {{Classifying Musical Scores by Composer: A machine
                  learning approach}},
  author =       {Lebar, J. and Chang, G. and Yu, D.},
  url =
                  {http://www.stanford.edu/class/cs229/proj2008/LebarChangYu-ClassifyingMusicalScoresByComposer.pdf},
  note =         {It was a final project for a Stanford class},
  year =         2008,
  keywords =     {humdrum}
}

@Article{	  lent89:accelerando,
  author =       {Keith Lent and Russell Pinkston and Peter Silsbee},
  title =        {Accelerando: a real-time, general purpose computer
                  music system},
  journal =      cmj,
  year =         1989,
  volume =       13,
  number =       4,
  pages =        {54--64},
  keywords =     {computer music},
  where =        {paper}
}

@InProceedings{	  loureiro96:necso,
  author =       {Maurício Alves Loureiro},
  title =        {necSO - uma linguagem de composição implementada num
                  sistema de síntese e processamento de som do tipo
                  music V (csound)},
  booktitle =    {Anais do VIII Encontro Anual da ANPPOM},
  year =         1996,
  keywords =     {computer music}
}

@Article{	  loy02:carl,
  author =       {Gareth Loy},
  title =        {The CARL system: premises, history, and fate},
  journal =      cmj,
  year =         2002,
  volume =       26,
  number =       4,
  pages =        {52--60},
  where =        {loy02.pdf},
  keywords =     {computer music}
}

@Article{	  loy85:programming,
  author =       {Gareth Loy and Curtis Abbott},
  title =        {Programming languages for computer music synthesis,
                  performance, and composition},
  journal =      {ACM Comput. Surv.},
  volume =       17,
  number =       2,
  year =         1985,
  pages =        {235--265},
  publisher =    {ACM Press},
  where =        {p235-loy.pdf},
  keywords =     {computer music}
}

@InCollection{	  loy89:composing,
  author =       {Gareth Loy},
  title =        {Composing with computers---a survey of some
                  compositional formalisms and music programming
                  languages},
  booktitle =    {Current Directions in Computer Music Research},
  pages =        {291--396},
  publisher =    {MIT Press},
  year =         1989,
  editor =       {M. V. Mathews and J. R. Pierce},
  address =      {Cambridge, MA},
  keywords =     {computer music}
}

@Article{	  lyon02:dartmouth,
  author =       {Eric Lyon},
  title =        {Dartmouth Symposium on the Future of Computer Music
                  Software: A Panel Discussion},
  journal =      cmj,
  year =         2002,
  volume =       26,
  number =       4,
  pages =        {13--30},
  where =        {lyon.pdf},
  keywords =     {computer music}
}

@Article{	  mccartney02:rethinking,
  author =       {James McCartney},
  title =        {Rethinking the computer music language:
                  supercollider},
  journal =      cmj,
  year =         2002,
  volume =       26,
  number =       4,
  pages =        {61--68},
  where =        {supercollider02.pdf},
  keywords =     {computer music}
}

@InProceedings{	  mccartney96:supercollider,
  author =       {James McCartney},
  title =        {SuperCollider: a new real time synthesis language},
  booktitle =    {Proceedings of the 1996 International Computer Music
                  Conference},
  pages =        {257--258},
  year =         1996,
  address =      {San Francisco},
  publisher =    cma,
  keywords =     {computer music},
  where =        {supercolider.ps}
}

@Book{		  moore98:elements,
  author =       {Richard Moore},
  title =        {Elements of computer music},
  publisher =    {Pearson Education},
  year =         1998,
  keywords =     {computer music}
}

@MastersThesis{	  mosterd99:developing,
  author =       {Eric James Mosterd},
  title =        {Developing a new way to transfer sheet music via the
                  internet},
  school =       {University of South Dakota},
  year =         1999,
  keywords =     {computer music},
  where =        {emosterd.pdf}
}

@Manual{	  mounce02:music,
  author =       {Steve Mounce},
  title =        {Music encoding standards},
  year =         2002,
  url =
                  {http://www.student.brad.ac.uk/srmounce/encoding.html},
  lastaccess =   {2002-12-13},
  keywords =     {computer music}
}

@Article{	  newcomb91:standard,
  author =       {Newcomb, S. R.},
  title =        {Standard music description language complies with
                  hypermedia standard},
  journal =      {Computer},
  year =         1991,
  volume =       24,
  number =       7,
  pages =        {76--80},
  keywords =     {computer music},
  where =        {00084842.pdf}
}

@Article{	  oliveira01:busca,
  author =       {Jamary Oliveira},
  title =        {Em busca de uma codificação},
  journal =      {Cuadernos Interamericanos De Investigación en
                  Educación Musical},
  year =         2001,
  volume =       1,
  number =       2,
  file =         {jamary-CEM02103.pdf},
  keywords =     {coding}
}

@Article{	  oliveira01:cod,
  author =       {Jamary Oliveira},
  title =        {Em busca de uma codificação},
  journal =      {Cuadernos interamericanos de investigación en
                  educación musical},
  pages =        {25--42},
  year =         2001,
  editor =       {Luis Alfonso Estrada Rodríguez and Ana Lucía Frega
                  and Iris Xóchitl Galicia Moyed},
  volume =       1,
  number =       2,
  address =      {Colonia del Carmen},
  month =        {Agosto},
  publisher =    {UNAM. Escuela Nacional de Música},
  keywords =     {computer music},
  where =        {jamary-CEM02103.pdf}
}

@Book{		  oliveira:informatica,
  author =       {Jamary Oliveira},
  title =        {Informática em música: o parâmetro altura},
  publisher =    {Mestrado em Música/UFBA},
  year =         1995,
  keywords =     {computer music},
  where =        {objnota.pdf}
}

@InProceedings{	  oppenheim86:need,
  author =       {Oppenheim, D.},
  title =        {The need for essential improvements in the machine
                  composer interface used for the composition of
                  electroacoustic computer music},
  booktitle =    {Proceedings of the 1986 International Computer Music
                  Conference},
  pages =        {443-445},
  year =         1986,
  address =      {San Francisco},
  publisher =    cma,
  keywords =     {computer music},
  where =        {need.pdf}
}

@InProceedings{	  oppenheim87:pgg,
  author =       {Oppenheim, D.},
  title =        {The P-G-G environment for music composition},
  booktitle =    {Proceedings of the 1987 International Computer Music
                  Conference},
  pages =        {40--48},
  year =         1987,
  address =      {San Francisco},
  publisher =    cma,
  keywords =     {computer music},
  where =        {pgg87.pdf}
}

@InProceedings{	  oppenheim89:dmix,
  author =       {Oppenheim, D.},
  title =        {DMIX: an environment for composition},
  booktitle =    {Proceedings of the 1989 International Computer Music
                  Conference},
  pages =        {226--233},
  year =         1989,
  address =      {San Francisco},
  publisher =    cma,
  keywords =     {computer music},
  where =        {dmix89.pdf}
}

@InProceedings{	  oppenheim90:quill,
  author =       {Oppenheim, D.},
  title =        {Quill: an interpreter for generating music objects
                  within the DMIX environment},
  booktitle =    {Proceedings of the 1990 International Computer Music
                  Conference},
  pages =        {256--258},
  year =         1990,
  address =      {San Francisco},
  publisher =    cma,
  keywords =     {computer music},
  where =        {quill.pdf}
}

@InProceedings{	  oppenheim91:shadow,
  author =       {Oppenheim, D.},
  title =        {SHADOW: an object-oriented performance-system for
                  the DMIX environment},
  booktitle =    {Proceedings of the 1991 International Computer Music
                  Conference},
  pages =        {281--284},
  year =         1991,
  address =      {San Francisco},
  publisher =    cma,
  keywords =     {computer music},
  where =        {shadow.pdf}
}

@InProceedings{	  oppenheim91:towards,
  author =       {Oppenheim, D.},
  title =        {Towards a better software-design for supporting
                  creative musical activity},
  booktitle =    {Proceedings of the 1991 International Computer Music
                  Conference},
  pages =        {380--387},
  year =         1991,
  address =      {San Francisco},
  publisher =    cma,
  keywords =     {computer music},
  where =        {design.pdf}
}

@InProceedings{	  oppenheim92:dmix,
  author =       {Oppenheim, D.},
  title =        {DMIX---a multi faceted environment for composing and
                  performing computer music: its philosophy, design,
                  and implementation},
  booktitle =    {Proceedings of the Fourth Biennial Arts \&
                  Technology Symposium},
  year =         1992,
  url =
                  {http://www.research.ibm.com/mathsci/cmc/papers/dmix92.pdf},
  keywords =     {computer music},
  where =        {dmix92.pdf}
}

@InProceedings{	  oppenheim93:perceptual,
  author =       {Oppenheim, D.V. and Anderson, T. and Kirk, R.},
  title =        {Perceptual parameters: their specification, scoring
                  and control within two software composition systems},
  booktitle =    {Proceedings of the 1993 International Computer Music
                  Conference},
  pages =        {421--424},
  year =         1993,
  address =      {San Francisco},
  publisher =    cma,
  keywords =     {computer music},
  where =        {perceptual93.pdf}
}

@InCollection{	  oppenheim93:slappability,
  author =       {Oppenheim, D.},
  title =        {Slappability: a new metaphor for human computer
                  interaction},
  booktitle =    {Music Education: An Artificial Intelligence
                  Perspective},
  publisher =    {Springer-Verlag},
  year =         1993,
  editor =       {Smith, M. and Wiggins, G. and Smaill, A.},
  address =      {London},
  keywords =     {computer music},
  where =        {slappability.pdf}
}

@InProceedings{	  oppenheim95:demonstrating,
  author =       {Oppenheim, D.},
  title =        {Demonstrating mmorph: a system for morphing music in
                  real-time},
  booktitle =    {Proceedings of the 1995 International Computer Music
                  Conference},
  pages =        {479--480},
  year =         1995,
  address =      {San Francisco},
  publisher =    cma,
  keywords =     {computer music},
  where =        {mmorph\_icmc.pdf}
}

@Article{	  pennycook85:computer,
  author =       {Bruce W. Pennycook},
  title =        {Computer-music interfaces: a survey},
  journal =      {ACM Comput. Surv.},
  volume =       17,
  number =       2,
  year =         1985,
  pages =        {267--289},
  publisher =    {ACM Press},
  where =        {p267-pennycook.pdf},
  keywords =     {computer music}
}

@Article{	  phillips01:linux,
  author =       {Dave Phillips},
  title =        {Linux audio plug-ins: a look into LADSPA},
  journal =      {Oreillyne},
  year =         2001,
  url =
                  {http://linux.oreillynet.com/pub/a/linux/2001/02/02/ladspa.html},
  keywords =     {computer music}
}

@Article{	  piche98:cecilia,
  author =       {J. Piche and A. Burton},
  title =        {Cecilia: a production interface to csound},
  journal =      cmj,
  year =         1998,
  volume =       22,
  number =       2,
  pages =        {52--55},
  where =        {cecilia98.pdf},
  keywords =     {computer music}
}

@Manual{	  pinkston:introduction,
  author =       {Russell Pinkston},
  title =        {An introduction to csound},
  url =
                  {http://www.utexas.edu/cofa/music/ems/mus329j/CSPrimer.pdf},
  keywords =     {computer music}
}

@Unpublished{pinto09:notes,
  author =       {Alberto Pinto},
  title =        {Notes on Music Segmentation (a first draft...)},
  note =         {},
  year =         2009
}

@Article{	  pope89:machine,
  author =       {Stephen Travis Pope},
  title =        {Machine tongues {XI}: object-oriented software
                  design},
  journal =      cmj,
  year =         1989,
  volume =       13,
  number =       2,
  pages =        {9--22},
  where =        {OOAD.cmj.pdf},
  keywords =     {computer music}
}

@InProceedings{	  pope89:modeling,
  author =       {Pope, Stephen Travis},
  title =        {Modeling musical structures as event generators},
  booktitle =    {Proceedings of the 1989 International Computer Music
                  Conference},
  year =         1989,
  address =      {San Francisco},
  publisher =    cma,
  where =        {modeling-musical-structures-as.ps.gz},
  keywords =     {computer music}
}

@Article{	  pope92:interim,
  author =       {Stephen Travis Pope},
  title =        {The interim dyanpiano: an integrated computer tool
                  and Instrument for Composers},
  journal =      cmj,
  year =         1992,
  volume =       16,
  number =       3,
  pages =        {73--91},
  where =        {IDP.cmj.ps.Z},
  keywords =     {computer music}
}

@InProceedings{	  pope92:smoke,
  author =       {Stephen Travis Pope},
  title =        {The SmOKe music representation, description
                  language, and interchange format},
  booktitle =    {Proceedings of the 1992 International Computer Music
                  Conference},
  year =         1992,
  address =      {San Francisco},
  publisher =    cma,
  keywords =     {computer music}
}

@Article{	  pope93:machine,
  author =       {Pope, Stephen Travis},
  title =        {Machine tongues {XV}: three packages for software
                  sound synthesis},
  journal =      cmj,
  year =         1993,
  volume =       17,
  number =       2,
  pages =        {23--54},
  keywords =     {computer music},
  where =        {paper}
}

@Article{	  pope94:why,
  author =       {Stephen Travis Pope},
  title =        {Why is good electroacoustic music so good? why is
                  bad electroacoustic music so bad?},
  journal =      cmj,
  year =         1994,
  volume =       18,
  number =       3,
  where =        {So_Good_So_Bad},
  keywords =     {computer music}
}

@InProceedings{	  pope95:computer,
  author =       {Stephen Travis Pope},
  title =        {Computer music workstations I have known and loved},
  booktitle =    {Proceedings of the 1995 International Computer Music
                  Conference},
  pages =        {127--133},
  year =         1995,
  address =      {San Francisco},
  publisher =    cma,
  where =        {icmc.95.CMWS.pdf},
  keywords =     {computer music}
}

@Article{	  pope95:machine,
  author =       {Stephen Travis Pope and Guido Van Rossum},
  title =        {Machine tongues {XVIII}. a child's garden of sound
                  file formats},
  journal =      cmj,
  year =         1995,
  volume =       19,
  number =       1,
  pages =        {25--63},
  where =        {SoundFiles.cmj.pdf},
  keywords =     {computer music}
}

@InCollection{	  pope97:musical,
  author =       {Stephen Travis Pope},
  editor =       {C. Roads and S.T. Pope and G. De Poli},
  booktitle =    {Musical signal processing},
  title =        {Musical object representation},
  publisher =    {Swets and Zeitlinger},
  year =         1997,
  address =      {Lisse},
  pages =        {317--347},
  keywords =     {computer music},
  where =        {paper}
}

@InCollection{	  pope97:overview,
  author =       {Stephen Travis Pope},
  editor =       {C. Roads and S.T. Pope and G. De Poli},
  booktitle =    {Musical signal processing},
  title =        {Overview},
  publisher =    {Swets and Zeitlinger},
  year =         1997,
  address =      {Lisse},
  pages =        {267--269},
  keywords =     {computer music},
  where =        {paper}
}

@Article{	  puckette02:max,
  author =       {Puckette, M.},
  title =        {Max at seventeen},
  journal =      cmj,
  year =         2002,
  volume =       26,
  number =       4,
  pages =        {31--43},
  where =        {max.pdf},
  keywords =     {computer music}
}

@InProceedings{	  puckette84:m,
  author =       {Puckette, M.},
  title =        {The M orchestra language},
  booktitle =    {Proceedings of the 1984 International Computer Music
                  Conference},
  pages =        {17--20},
  year =         1984,
  address =      {San Francisco},
  publisher =    cma,
  keywords =     {computer music},
  where =        {icmc84.ps}
}

@InProceedings{	  puckette96:puredata,
  author =       {Puckette, M.},
  title =        {Pure data: another integrated computer music
                  environment},
  booktitle =    {Proceedings of the 1996 International Computer Music
                  Conference},
  pages =        {269--272},
  year =         1996,
  address =      {San Francisco},
  publisher =    cma,
  keywords =     {computer music},
  where =        {icmc96.ps}
}

@InProceedings{	  puckette97:puredata,
  author =       {Puckette, M.},
  title =        {Pure data: recent progress},
  booktitle =    {Proceedings},
  pages =        {1--4},
  year =         1997,
  address =      {Tokyo, Japan},
  publisher =    {Third Intercollege Computer Music Festival},
  keywords =     {computer music},
  where =        {icmf97.ps}
}

@InProceedings{	  puckette98:realtime,
  author =       {Puckette, M. and Apel, T.},
  title =        {Real-time audio analysis tools for Pd and MSP},
  booktitle =    {Proceedings of the 1998 International Computer Music
                  Conference},
  pages =        {109--112},
  year =         1998,
  address =      {San Francisco},
  publisher =    cma,
  keywords =     {computer music},
  where =        {icmc98.ps}
}

@Unpublished{	  pullinger.ea07:computer,
  author =       {Stuart Pullinger and Nicholas Bailey and Graham
                  Hair},
  title =        {A Computer Representation of Pitch Based on the
                  Spiral of Fifths},
  note =         {This is a pdf presentation available on the
                  internet},
  url =
                  {www.n-ism.org/Papers/Nick\_Bailey/spiral5ths\_slides.pdf},
  year =         2007,
  keywords =     {coding}
}

@InProceedings{	  renz98:web,
  author =       {K. Renz and H. H. Hoos},
  title =        {A web-based approach to music notation using GUIDO},
  booktitle =    {Proceedings of the 1998 International Computer Music
                  Conference},
  pages =        {455--458},
  year =         1998,
  address =      {San Francisco},
  publisher =    cma,
  keywords =     {computer music},
  where =        {guido-icmc98-gns.pdf}
}

@Book{		  roads96:computer,
  author =       {Curtis Roads},
  title =        {The computer music tutorial},
  publisher =    mit,
  year =         1996,
  address =      {Massachusetts},
  keywords =     {computer music}
}

@Article{	  rodet84:formes,
  author =       {Rodet, Xavier and Cointe, Pierre},
  title =        {FORMES: composition and scheduling of processes},
  journal =      cmj,
  year =         1984,
  volume =       8,
  number =       3,
  pages =        {32--50},
  keywords =     {computer music},
  where =        {paper}
}

@InProceedings{	  rogers80:music,
  author =       {Rogers, J. and J. Rockstroh and P. Batstone},
  title =        {Music-time and clock-time similarities under tempo
                  changes},
  booktitle =    {Proceedings of the 1980 International Computer Music
                  Conference},
  pages =        {404--442},
  year =         1980,
  address =      {San Francisco},
  publisher =    cma,
  keywords =     {computer music},
  where =        {paper}
}

@inproceedings{rohrmeier.ea08:statistical,
  year =         2008,
  title =        {{Statistical Properties of Tonal Harmony in Bach’s
                  Chorales}},
  author =       {Rohrmeier, M. and Cross, I.},
  booktitle =    {Proceedings of the 10th International Conference of
                  Music Perception and Cognition}
}

@InProceedings{	  rossignol01:refined,
  author =       {Rossignol, S. and Desain, P. and and Honing, H.},
  title =        {Refined knowledge-based pitch tracking: comparing
                  three frequency extraction methods},
  booktitle =    {Proceedings of the 2001 International Computer Music
                  Conference},
  pages =        00,
  year =         2001,
  address =      {San Francisco},
  publisher =    cma,
  keywords =     {computer music},
  where =        {mmm-31.pdf},
  fixme =        {page numbers}
}

@Article{sapp07:computational,
  author =       {Craig Stuart Sapp},
  title =        {Computational Chord-Root Identification in Symbolic
                  Musical Data: Rationale, Methods, and Applications},
  journal =      {Computing in Musicology},
  year =         2007,
  volume =       15
}

@Article{	  scaletti02:computer,
  author =       {Carla Scaletti},
  title =        {Computer music languages, kyma, and the future},
  journal =      cmj,
  year =         2002,
  volume =       26,
  number =       4,
  pages =        {69--82},
  where =        {kyma02.pdf},
  keywords =     {computer music}
}

@inproceedings{scholz.ea05:automating,
  title =        {{Automating functional harmonic analysis: the
                  Funchal system}},
  author =       {Scholz, R. and Dantas, V. and Ramalho, G.},
  booktitle =    {Seventh IEEE International Symposium on Multimedia},
  pages =        6,
  year =         2005
}

@Manual{	  schottstaedt02:clm,
  title =        {Common lisp music},
  author =       {Bill Schottstaedt},
  year =         2002,
  keywords =     {computer music},
  where =        {clm.ps.gz},
  lastaccess =   {2002-10-11},
  url =
                  {http://www-ccrma.stanford.edu/software/snd/snd/clm.html}
}

@Article{	  schottstaedt83:pla,
  author =       {Schottstaedt, Bill},
  title =        {Pla: a composer's idea of a language},
  journal =      cmj,
  year =         1983,
  volume =       7,
  number =       1,
  pages =        {11--20},
  keywords =     {computer music},
  where =        {paper}
}

@Article{	  schottstaedt94:machine,
  author =       {Bill Schottstaedt},
  title =        {Machine tongues {XVII}: {CLM}---Music {V} meets
                  common lisp},
  journal =      cmj,
  year =         1994,
  volume =       18,
  number =       2,
  pages =        {30--37},
  keywords =     {computer music},
  where =        {paper}
}

@InCollection{	  selfridge-field93:musedata,
  author =       {Selfridge-Field, Eleanor},
  title =        {The musedata universe: a system of musical
                  information},
  booktitle =    {Computing in Musicology},
  pages =        {9--30},
  publisher =    {The MIT Press},
  keywords =     {computer music},
  where =        {paper},
  year =         {1993--1994},
  fixme =        {publisher},
  volume =       9
}

@InCollection{	  shmulevich00:complexity,
  author =       {Shmulevich, I. and Povel, D.},
  title =        {Complexity measures of musical rhythms},
  booktitle =    {Rhythm perception and production},
  pages =        {239--244},
  publisher =    {Swets and Zeitlinger},
  year =         2000,
  editor =       {Desain, P. and Windsor, W. L.},
  address =      {Lisse},
  keywords =     {computer music},
  where =        {mmm-16.pdf}
}

@Article{	  shmulevich00:measure,
  author =       {Shmulevich, I. and Povel, D.},
  title =        {Measures of temporal complexity},
  journal =      jnmr,
  year =         2000,
  volume =       29,
  number =       1,
  pages =        {61--69},
  keywords =     {computer music},
  where =        {mmm-33.pdf}
}

@InProceedings{	  smith81:program,
  author =       {Leland Smith},
  title =        {The 'SCORE' program for musical input to computers},
  booktitle =    {Proceedings of the 1980 International Computer Music
                  Conference},
  pages =        {226--230},
  year =         1981,
  editor =       {Hubert S. Howe},
  address =      {San Francisco},
  publisher =    cma,
  keywords =     {computer music},
  where =        {paper}
}

@InProceedings{	  smith91:viewpoints,
  author =       {Smith, J. O.},
  title =        {Viewpoints on the history of digital synthesis},
  booktitle =    {Proceedings of the 1991 International Computer Music
                  Conference},
  pages =        {1--10},
  year =         1991,
  address =      {San Francisco},
  publisher =    cma,
  where =        {kna.pdf},
  keywords =     {computer music}
}

@PhDThesis{	  spondike01:effects,
  author =       {David Edward Spondike},
  title =        {The effects of spectral peak frequency difference on
                  the perception of crossing musical scales},
  school =       {Ken State University},
  year =         2001,
  where =        {spectral-thesis.pdf},
  keywords =     {computer music}
}

@Article{	  stautner82:designing,
  author =       {John Stautner and Miller Puckette},
  title =        {Designing multi-channel reverberators},
  journal =      cmj,
  year =         1982,
  volume =       6,
  number =       1,
  pages =        {52--65},
  where =        {paper},
  keywords =     {computer music}
}

@Book{		  taube04:notes,
  author =       {Heinrich Taube},
  title =        {Notes from the Metalevel: An Introduction to
                  Computer Composition},
  publisher =    {Routledge},
  year =         2004,
  keywords =     {computer music}
}

@Misc{		  taube08a:common,
  author =       {Heinrich Taube},
  title =        {Common Music Dictionary},
  year =         2008,
  note =         {Disponível em
                  \url{commonmusic.sourceforge.net/doc/dict/index.html}},
  keywords =     {computer music}
}

@Misc{		  taube08b:common,
  author =       {Heinrich Taube},
  title =        {Common Music},
  year =         2008,
  note =         {Disponível em
                  \url{commonmusic.sourceforge.net/doc/cm.html}},
  keywords =     {computer music}
}

@InProceedings{	  timmers00:vibrato,
  author =       {Timmers, R. and Desain, P.},
  title =        {Vibrato: the questions and answers from musicians
                  and science},
  year =         2000,
  booktitle =    {Proceedings of the Sixth International Conference on
                  Music Perception and Cognition},
  address =      {Keele, UK},
  organization = {Keele University, Departmentof Psychology},
  keywords =     {computer music},
  where =        {mmm-35.pdf}
}

@Article{	  vaggione84:octuor,
  author =       {Horacio Vaggione},
  title =        {The making of Octuor},
  journal =      cmj,
  year =         1984,
  volume =       8,
  number =       2,
  pages =        {48--54},
  keywords =     {computer music},
  where =        {paper}
}

@Manual{	  vercoe:manual,
  title =        {The public csound reference manual},
  author =       {Barry Vercoe},
  address =      {Boston},
  edition =      {Massachusetts Institute of Technology},
  year =         2001,
  url =          {http://www.lakewoodsound.com/csound/},
  lastaccess =   {2001-04-29},
  keywords =     {computer music}
}

@Article{	  wild96:humdrum,
  author =       {Wild, Jonathan },
  journal =      {Music Theory Online},
  month =        {November},
  number =       7,
  title =        {A Review of the Humdrum Toolkit: UNIX Tools for
                  Musical Research, created by David Huron},
  volume =       2,
  year =         1996,
  keywords =     {computer music}
}

@InCollection{	  windsor00:timing,
  author =       {Windsor, W. L. and Desain, P. and Honing, H. and
                  Aarts, R. and Heijink, H. and Timmers, R.},
  title =        {On time: the influence of tempo, structure and style
                  on the timing of grace notes in skilled musical
                  performance},
  booktitle =    {Rhythm Perception and Production},
  pages =        {217--223},
  publisher =    {Swets and Zeitlinger},
  year =         2000,
  editor =       {Desain, P. and Windsor, W. L.},
  address =      {Lisse},
  keywords =     {computer music},
  where =        {mmm-22.pdf}
}

@Article{	  windsor01:timing,
  author =       {Windsor, W. L. and Aarts, R. and Desain, P. and
                  Heijink, H. and Timmers, R.},
  title =        {The timing of grace notes in skilled musical
                  performance at different tempi: a preliminary case
                  study},
  journal =      {Psychology of Music},
  year =         2001,
  volume =       29,
  pages =        {149--169},
  keywords =     {computer music},
  where =        {wadht-1.pdf}
}

@InProceedings{	  wrighta97:cyberband,
  author =       {James Wrighta and Daniel V. Oppenheim and David
                  Jameson Don Pazel and Robert M. Fuhrer},
  title =        {CyberBand: a "hands-on" music composition program},
  booktitle =    {Proceedings of the 1997 International Computer Music
                  Conference},
  pages =        {383--386},
  year =         1997,
  address =      {San Francisco},
  publisher =    cma,
  keywords =     {computer music},
  where =        {cyberband97.pdf}
}

@Article{	  zicarelli02:how,
  author =       {David Zicarelli},
  title =        {How I learned to love a program that does nothing},
  journal =      cmj,
  year =         2002,
  volume =       26,
  number =       4,
  pages =        {44--51},
  where =        {zicarelli.pdf},
  keywords =     {computer music}
}
