
@Book{            houaiss.ea01:dicionario,
  title         = {Dicionário Houaiss da língua portuguesa},
  author        = {Houaiss, A. and de Salles Villar, M. and de Mello Franco,
                  F.M.},
  year          = {2001},
  publisher     = {Objetiva}
}
