@Article{         temperley:algorithm,
  author        = {Temperley, David},
  title         = {An Algorithm for Harmonic Analysis},
  journal       = {Music Perception},
  year          = 1996,
  volume        = 15,
  number        = 1,
  pages         = {31-68}
}

@Article{         white.ea:superstitious,
  author        = {Allan P. White and Wei Zhong Liu},
  title         = {Superstitious learning and induction},
  journal       = {Artificial Intelligence Review},
  year          = 1995,
  volume        = 9,
  number        = 1,
  url           = {http://www.springerlink.com/content/l764p6v0225v3mx6/}
}

@Article{         winograd:linguistics,
  author        = {Terry Winograd},
  title         = {Linguistics and the computer analysis of tonal harmony},
  book          = {Machine models of music},
  year          = {1992},
  isbn          = {0-262-19319-1},
  pages         = {113--153},
  publisher     = {MIT Press},
  address       = {Cambridge, MA, USA}
}
