@article{crouch.ea01:peer,
  title =        {{Peer instruction: Ten years of experience and
                  results}},
  author =       {Crouch, C.H. and Mazur, E.},
  journal =      {American Journal of Physics},
  volume =       69,
  pages =        970,
  year =         2001
}

@article{lasry08:clickers,
  title =        {{Clickers or Flashcards: Is there really a
                  difference?}},
  author =       {Lasry, N.},
  journal =      {The Physics Teacher},
  volume =       46,
  pages =        242,
  year =         2008
}

@incollection{mazur07:confessions,
  author =       {E. Mazur},
  title =        {Confessions of a converted lecturer},
  booktitle =    {Crítica do Contemporâneo: Conferências
                  Internacionais},
  editor =       {Manuel João Costa},
  publisher =    {Fundação Serralves},
  location =     {Oporto, Portugal},
  year =         2007,
  URL =
                  {http://mazur-www.harvard.edu/publications.php?function=display&rowid=605},
}

@article{mazur09:farewell,
  author =       {E. Mazur},
  title =        {Farewell, Lecture?},
  journal =      {Science},
  year =         2009,
  volume =       323,
  pages =        {50--51},
  URL =          {
                  http://mazur-www.harvard.edu/publications.php?function=display&rowid=635},
}
