@InProceedings{kroger08:rameau,
  author =       {Pedro Kröger and Alexandre Passos and Marcos Sampaio and Givaldo de Cidra},
  title =        {Rameau: A System for Automatic Harmonic Analysis},
  booktitile = {Proceedings of the 2008 International Computer Music Conference},
  year =      2008}


@Unpublished{passos08:effect,
  author =       {Alexandre Passos and Pedro Kröger and Marcos Sampaio and Givaldo de Cidra},
  title =        {The effect of incorporating enharmonic information
                  on chord labeling algorithms},
  year =      2008,
  note =         {Unpublished paper available on request},
}

@Unpublished{passos08:evaluation,
  author =       {Alexandre Passos and Pedro Kröger and Marcos Sampaio and Givaldo de Cidra},
  title =        {An evaluation of some algorithms for symbolic chord labeling},
  note =         {Unpublished paper available on request},
  year =      2008}

