@Manual{knuth93:computer,
  title =        {Computer Literacy Bookshop Interview},
  author =    {Donald Knuth},
  month =     {December},
  year =      1993,
  url =     {http://tex.loria.fr/historique/interviews/knuth-clb1993.html}
}

