@Article{         adrian90:ternary-sonata,
  author        = {Jack Adrian},
  title         = {The Ternary-Sonata Form},
  journal       = {Computer Music Journal},
  year          = {1990},
  volume        = {34},
  number        = {1},
  file          = {843862.pdf}
}

@Article{         agmon89:mathematical,
  author        = {Eytan Agmon},
  title         = {A Mathematical Model of the Diatonic System},
  journal       = {Computer Music Journal},
  year          = {1989},
  volume        = {33},
  number        = {1},
  file          = {843663.pdf}
}

@Article{         agmon96:coherent,
  author        = {Eytan Agmon},
  title         = {Coherent Tone-Systems: A Study in the Theory of
                  Diatonicism},
  journal       = {Computer Music Journal},
  year          = {1996},
  volume        = {40},
  number        = {1},
  file          = {843922.pdf}
}

@Article{         alegant99:when,
  author        = {Brian Alegant},
  title         = {When Even Becomes Odd: A Partitional Approach to
                  Inversion},
  journal       = {Computer Music Journal},
  year          = {1999},
  volume        = {43},
  number        = {2},
  file          = {3090660.pdf}
}

@Article{         almén03:narrative,
  author        = {Byron Almén},
  title         = {Narrative Archetypes: A Critique, Theory, and Method of
                  Narrative Analysis},
  journal       = {Computer Music Journal},
  year          = {2003},
  volume        = {47},
  number        = {1},
  file          = {30041082.pdf}
}

@Article{         and63:electronic,
  author        = {Lejaren A. Hiller AND Jr.},
  title         = {Electronic Music at the University of Illinois},
  journal       = {Computer Music Journal},
  year          = {1963},
  volume        = {7},
  number        = {1},
  file          = {843024.pdf}
}

@Article{         and64:letters,
  author        = {Brooks Shepard AND Jr.},
  title         = {Letters to the Editor},
  journal       = {Computer Music Journal},
  year          = {1964},
  volume        = {8},
  number        = {1},
  file          = {842982.pdf}
}

@Article{         anderson73:word-accent,
  author        = {Warren Anderson},
  title         = {Word-Accent and Melody in Ancient Greek Musical Texts},
  journal       = {Computer Music Journal},
  year          = {1973},
  volume        = {17},
  number        = {2},
  file          = {843341.pdf}
}

@Article{         anson-cartwright01:chasing,
  author        = {Mark Anson-Cartwright},
  title         = { Chasing Rainbows: Wolf's "Phänomen" and Ideas of
                  Coherence },
  journal       = {Computer Music Journal},
  year          = {2001},
  volume        = {45},
  number        = {2},
  file          = {3653441.pdf}
}

@Article{         arlin00:metric,
  author        = {Mary I. Arlin},
  title         = { Metric Mutation and Modulation: The Nineteenth-Century
                  Speculations of F.-J. Fétis },
  journal       = {Computer Music Journal},
  year          = {2000},
  volume        = {44},
  number        = {2},
  file          = {3090680.pdf}
}

@Article{         atcherson73:key,
  author        = {Walter Atcherson},
  title         = {Key and Mode in Seventeenth- Century Music Theory Books},
  journal       = {Computer Music Journal},
  year          = {1973},
  volume        = {17},
  number        = {2},
  file          = {843342.pdf}
}

@Article{         babbitt61:set,
  author        = {Milton Babbitt},
  title         = {Set Structure as a Compositional Determinant},
  journal       = {Computer Music Journal},
  year          = {1961},
  volume        = {5},
  number        = {1},
  file          = {842871.pdf}
}

@Article{         babbitt64:introduction,
  author        = {Milton Babbitt},
  title         = {An Introduction to the R. C. A. Synthesizer},
  journal       = {Computer Music Journal},
  year          = {1964},
  volume        = {8},
  number        = {2},
  file          = {843081.pdf}
}

@Article{         bailey96:symmetry,
  author        = {Kathryn Bailey},
  title         = {Symmetry as Nemesis: Webern and the First Movement of the
                  Concerto, Opus 24},
  journal       = {Computer Music Journal},
  year          = {1996},
  volume        = {40},
  number        = {2},
  file          = {843890.pdf}
}

@Article{         bain03:theorizing,
  author        = {Jennifer Bain},
  title         = {Theorizing the Cadence in the Music of Machaut},
  journal       = {Computer Music Journal},
  year          = {2003},
  volume        = {47},
  number        = {2},
  file          = {30041094.pdf}
}

@Article{         bakeman65:procedures,
  author        = {John Selleck AND Roger Bakeman},
  title         = {Procedures for the Analysis of Form: Two Computer
                  Applications},
  journal       = {Computer Music Journal},
  year          = {1965},
  volume        = {9},
  number        = {2},
  file          = {843163.pdf}
}

@Article{         baker03:chromaticism,
  author        = {James M. Baker},
  title         = {Chromaticism, Form, and Expression in Haydn's String
                  Quartet Op. 76, No. 6},
  journal       = {Computer Music Journal},
  year          = {2003},
  volume        = {47},
  number        = {1},
  file          = {30041083.pdf}
}

@Article{         baker65:automated,
  author        = {L. A. Hiller AND Jr. AND R. A. Baker},
  title         = {Automated Music Printing},
  journal       = {Computer Music Journal},
  year          = {1965},
  volume        = {9},
  number        = {1},
  file          = {843151.pdf}
}

@Article{         baker76:heinrich,
  author        = {Nancy K. Baker},
  title         = {Heinrich Koch and the Theory of Melody},
  journal       = {Computer Music Journal},
  year          = {1976},
  volume        = {20},
  number        = {1},
  file          = {843603.pdf}
}

@Article{         baker90:limits,
  author        = {James M. Baker},
  title         = {The Limits of Tonality in the Late Music of Franz Liszt},
  journal       = {Computer Music Journal},
  year          = {1990},
  volume        = {34},
  number        = {2},
  file          = {843836.pdf}
}

@Article{         barbera77:arithmetic,
  author        = {C. André Barbera},
  title         = {Arithmetic and Geometric Divisions of the Tetrachord},
  journal       = {Computer Music Journal},
  year          = {1977},
  volume        = {21},
  number        = {2},
  file          = {843492.pdf}
}

@Article{         barbera84:consonant,
  author        = {André Barbera},
  title         = {The Consonant Eleventh and the Expansion of the Musical
                  Tetractys: A Study of Ancient Pythagoreanism},
  journal       = {Computer Music Journal},
  year          = {1984},
  volume        = {28},
  number        = {2},
  file          = {843532.pdf}
}

@Article{         barkin75:analysis,
  author        = {Elaine Barkin},
  title         = {Analysis Symposium: Webern, Orchestra Pieces (1913)
                  Movement I ("Bewegt")},
  journal       = {Computer Music Journal},
  year          = {1975},
  volume        = {19},
  number        = {1},
  file          = {843750.pdf}
}

@Article{         bartók81:harmonic,
  author        = {Richard S. Parks AND Bela Bartók},
  title         = { Harmonic Resources in Bartók's "Fourths" },
  journal       = {Computer Music Journal},
  year          = {1981},
  volume        = {25},
  number        = {2},
  file          = {843651.pdf}
}

@Article{         bass94:models,
  author        = {Richard Bass},
  title         = {Models of Octatonic and Whole-Tone Interaction: George
                  Crumb and His Predecessors},
  journal       = {Computer Music Journal},
  year          = {1994},
  volume        = {38},
  number        = {2},
  file          = {843771.pdf}
}

@Article{         bassein92:possible,
  author        = {Larry Polansky AND Richard Bassein},
  title         = {Possible and Impossible Melody: Some Formal Aspects of
                  Contour},
  journal       = {Computer Music Journal},
  year          = {1992},
  volume        = {36},
  number        = {2},
  file          = {843933.pdf}
}

@Article{         bauer-mengelberg65:letters,
  author        = {Stefan Bauer-Mengelberg},
  title         = {Letters},
  journal       = {Computer Music Journal},
  year          = {1965},
  volume        = {9},
  number        = {2},
  file          = {843175.pdf}
}

@Article{         beach66:brief,
  author        = {David Beach},
  title         = {Brief Reviews},
  journal       = {Computer Music Journal},
  year          = {1966},
  volume        = {10},
  number        = {1},
  file          = {843306.pdf}
}

@Article{         beach67:functions,
  author        = {David Beach},
  title         = {The Functions of the Six-Four Chord in Tonal Music},
  journal       = {Computer Music Journal},
  year          = {1967},
  volume        = {11},
  number        = {1},
  file          = {842947.pdf}
}

@Article{         beach69:schenker,
  author        = {David Beach},
  title         = {A Schenker Bibliography},
  journal       = {Computer Music Journal},
  year          = {1969},
  volume        = {13},
  number        = {1},
  file          = {843213.pdf}
}

@Article{         beach74:origins,
  author        = {David W. Beach},
  title         = {The Origins of Harmonic Analysis},
  journal       = {Computer Music Journal},
  year          = {1974},
  volume        = {18},
  number        = {2},
  file          = {843639.pdf}
}

@Article{         beach76:segmental,
  author        = {David W. Beach},
  title         = {Segmental Invariance and the Twelve-Tone System},
  journal       = {Computer Music Journal},
  year          = {1976},
  volume        = {20},
  number        = {2},
  file          = {843682.pdf}
}

@Article{         beach79:schenker,
  author        = {David W. Beach},
  title         = {A Schenker Bibliography: 1969-1979},
  journal       = {Computer Music Journal},
  year          = {1979},
  volume        = {23},
  number        = {2},
  file          = {843727.pdf}
}

@Article{         beach88:fundamental,
  author        = {David Beach},
  title         = {The Fundamental Line from Scale Degree 8: Criteria for
                  Evaluation},
  journal       = {Computer Music Journal},
  year          = {1988},
  volume        = {32},
  number        = {2},
  file          = {843437.pdf}
}

@Article{         beach90:cadential,
  author        = {David Beach},
  title         = {The Cadential Six-Four as Support for Scale-Degree Three
                  of the Fundamental Line},
  journal       = {Computer Music Journal},
  year          = {1990},
  volume        = {34},
  number        = {1},
  file          = {843863.pdf}
}

@Article{         beach90:more,
  author        = {David Beach},
  title         = {More on the Six-Four},
  journal       = {Computer Music Journal},
  year          = {1990},
  volume        = {34},
  number        = {2},
  file          = {843839.pdf}
}

@Article{         beach94:harmony,
  author        = {David Beach},
  title         = {Harmony and Linear Progression in Schubert's Music},
  journal       = {Computer Music Journal},
  year          = {1994},
  volume        = {38},
  number        = {1},
  file          = {843825.pdf}
}

@Article{         bean66:information,
  author        = {Lejaren Hiller AND Calvert Bean},
  title         = {Information Theory Analyses of Four Sonata Expositions},
  journal       = {Computer Music Journal},
  year          = {1966},
  volume        = {10},
  number        = {1},
  file          = {843300.pdf}
}

@Article{         becker79:grammar,
  author        = {Judith Becker AND Alton Becker},
  title         = {A Grammar of the Musical Genre "Srepegan"},
  journal       = {Computer Music Journal},
  year          = {1979},
  volume        = {23},
  number        = {1},
  file          = {843692.pdf}
}

@Article{         beethoven76:familiar,
  author        = {A. Cutler Silliman AND Beethoven},
  title         = {Familiar Music and the a priori: Beethoven's "Seventh
                  Symphony"},
  journal       = {Computer Music Journal},
  year          = {1976},
  volume        = {20},
  number        = {2},
  file          = {843685.pdf}
}

@Article{         beethoven82:beethovens,
  author        = {Carl Schachter AND Beethoven},
  title         = {Beethoven's "Sketches for the First Movement of Op. 14,
                  No. 1: A Study in Design"},
  journal       = {Computer Music Journal},
  year          = {1982},
  volume        = {26},
  number        = {1},
  file          = {843353.pdf}
}

@Article{         beethoven85:relation,
  author        = {Janet Schmalfeldt AND Beethoven},
  title         = {On the Relation of Analysis to Performance: Beethoven's
                  "Bagatelles" Op. 126, Nos. 2 and 5},
  journal       = {Computer Music Journal},
  year          = {1985},
  volume        = {29},
  number        = {1},
  file          = {843369.pdf}
}

@Article{         bekesy70:improved,
  author        = {Georg von Bekesy},
  title         = {Improved Musical Dynamics by Variation of Apparent Size of
                  Sound Source},
  journal       = {Computer Music Journal},
  year          = {1970},
  volume        = {14},
  number        = {2},
  file          = {842964.pdf}
}

@Article{         bennighof87:set-class,
  author        = {James Bennighof},
  title         = {Set-Class Aggregate Structuring, Graph Theory, and Some
                  Compositional Strategies},
  journal       = {Computer Music Journal},
  year          = {1987},
  volume        = {31},
  number        = {1},
  file          = {843546.pdf}
}

@Article{         bernard81:letters,
  author        = {B. Glenn Chandler AND Jonathan Bernard},
  title         = {Letters to the Editor},
  journal       = {Computer Music Journal},
  year          = {1981},
  volume        = {25},
  number        = {1},
  file          = {843472.pdf}
}

@Article{         bernard86:space,
  author        = {Jonathan W. Bernard},
  title         = { Space and Symmetry in Bartók },
  journal       = {Computer Music Journal},
  year          = {1986},
  volume        = {30},
  number        = {2},
  file          = {843574.pdf}
}

@Article{         bernard91:letter,
  author        = {Jonathan W. Bernard},
  title         = {Letter to the Editor},
  journal       = {Computer Music Journal},
  year          = {1991},
  volume        = {35},
  number        = {1/2},
  file          = {843821.pdf}
}

@Article{         bernard93:problems,
  author        = {Jonathan W. Bernard},
  title         = {Problems of Pitch Structure in Elliott Carter's First and
                  Second String Quartets},
  journal       = {Computer Music Journal},
  year          = {1993},
  volume        = {37},
  number        = {2},
  file          = {843784.pdf}
}

@Article{         berry78:rhythmic,
  author        = {Wallace Berry},
  title         = {Rhythmic Accelerations in Beethoven},
  journal       = {Computer Music Journal},
  year          = {1978},
  volume        = {22},
  number        = {2},
  file          = {843396.pdf}
}

@Article{         bobbitt59:physical,
  author        = {Richard Bobbitt},
  title         = {The Physical Basis of Intervallic Quality and Its
                  Application to the Problem of Dissonance},
  journal       = {Computer Music Journal},
  year          = {1959},
  volume        = {3},
  number        = {2},
  file          = {842850.pdf}
}

@Article{boker-heil72:plotting,
  author =       {Norbert Böker-Heil},
  title =        {Plotting Conventional Music Notation},
  journal =      {Computer Music Journal},
  year =         1972,
  volume =       16,
  number =       {1/2},
  file =         {843328.pdf},
}

@Article{         boomgaarden86:kirnbergers,
  author        = {Johann Philipp Kirnberger AND Richard B. Nelson AND Donald
                  R. Boomgaarden},
  title         = {Kirnberger's "Thoughts on the Different Methods of
                  Teaching Composition as Preparation for Understanding
                  Fugue"},
  journal       = {Computer Music Journal},
  year          = {1986},
  volume        = {30},
  number        = {1},
  file          = {843409.pdf}
}

@Article{         boss94:schoenberg,
  author        = {Jack Boss},
  title         = {Schoenberg on Ornamentation and Structural Levels},
  journal       = {Computer Music Journal},
  year          = {1994},
  volume        = {38},
  number        = {2},
  file          = {843772.pdf}
}

@Article{         brand93:report,
  author        = {Juliane Brand},
  title         = {Report: The 1992 West Coast Conference of Music Theory and
                  Analysis},
  journal       = {Computer Music Journal},
  year          = {1993},
  volume        = {37},
  number        = {1},
  file          = {843950.pdf}
}

@Article{         braunschweig03:enlightenment,
  author        = {Karl Braunschweig},
  title         = {Enlightenment Aspirations of Progress in
                  Eighteenth-Century German Theory},
  journal       = {Computer Music Journal},
  year          = {2003},
  volume        = {47},
  number        = {2},
  file          = {30041092.pdf}
}

@Article{         brender67:computer,
  author        = {Maurita P. Brender AND Ronald F. Brender},
  title         = {Computer Transcription and Analysis of Mid-Thirteenth
                  Century Musical Notation},
  journal       = {Computer Music Journal},
  year          = {1967},
  volume        = {11},
  number        = {2},
  file          = {843067.pdf}
}

@Article{         breslauer88:diminutional,
  author        = {Peter Breslauer},
  title         = {Diminutional Rhythm and Melodic Structure},
  journal       = {Computer Music Journal},
  year          = {1988},
  volume        = {32},
  number        = {1},
  file          = {843383.pdf}
}

@Article{         brinkman86:representing,
  author        = {Alexander R. Brinkman},
  title         = {Representing Musical Scores for Computer Analysis},
  journal       = {Computer Music Journal},
  year          = {1986},
  volume        = {30},
  number        = {2},
  file          = {843576.pdf}
}

@Article{         brower00:cognitive,
  author        = {Candace Brower},
  title         = {A Cognitive Theory of Musical Meaning},
  journal       = {Computer Music Journal},
  year          = {2000},
  volume        = {44},
  number        = {2},
  file          = {3090681.pdf}
}

@Article{         brown90:evaluating,
  author        = {Douglas Dempster AND Matthew Brown},
  title         = {Evaluating Musical Analyses and Theories: Five
                  Perspectives},
  journal       = {Computer Music Journal},
  year          = {1990},
  volume        = {34},
  number        = {2},
  file          = {843838.pdf}
}

@Article{         browne64:brief,
  author        = {Richmond Browne},
  title         = {Brief Reviews},
  journal       = {Computer Music Journal},
  year          = {1964},
  volume        = {8},
  number        = {1},
  file          = {842980.pdf}
}

@Article{         browne65:brief,
  author        = {Richmond Browne},
  title         = {Brief Reviews},
  journal       = {Computer Music Journal},
  year          = {1965},
  volume        = {9},
  number        = {2},
  file          = {843172.pdf}
}

@Article{         browne75:letters,
  author        = {Richmond Browne},
  title         = {Letters},
  journal       = {Computer Music Journal},
  year          = {1975},
  volume        = {19},
  number        = {2},
  file          = {843595.pdf}
}

@Article{         browne75:letters-b,
  author        = {Richmond Browne},
  title         = {Letters: The Structure of Atonal Music},
  journal       = {Computer Music Journal},
  year          = {1975},
  volume        = {19},
  number        = {1},
  file          = {843756.pdf}
}

@Article{         browne76:letters,
  author        = {Richmond Browne},
  title         = {Letters},
  journal       = {Computer Music Journal},
  year          = {1976},
  volume        = {20},
  number        = {1},
  file          = {843609.pdf}
}

@Article{         browne87:report,
  author        = {Richmond Browne},
  title         = {Report: The 1986 Cambridge University Music Analysis
                  Conference},
  journal       = {Computer Music Journal},
  year          = {1987},
  volume        = {31},
  number        = {1},
  file          = {843554.pdf}
}

@Article{         browne89:report,
  author        = {Richmond Browne},
  title         = {Report: The 1988 Oxford Music Analysis Conference},
  journal       = {Computer Music Journal},
  year          = {1989},
  volume        = {33},
  number        = {1},
  file          = {843677.pdf}
}

@Article{         browne92:report,
  author        = {Richmond Browne},
  title         = {Report: The 1991 City University Music Analysis
                  Conference},
  journal       = {Computer Music Journal},
  year          = {1992},
  volume        = {36},
  number        = {1},
  file          = {843916.pdf}
}

@Article{         browne94:report,
  author        = {Richmond Browne},
  title         = {Report: The 1993 Southampton University Music Analysis
                  Conference and the New Society of Music Analysis},
  journal       = {Computer Music Journal},
  year          = {1994},
  volume        = {38},
  number        = {2},
  file          = {843779.pdf}
}

@Article{         browne95:report,
  author        = {Richmond Browne},
  title         = {Report: The 1994 Lancaster University Music Analysis
                  Conference},
  journal       = {Computer Music Journal},
  year          = {1995},
  volume        = {39},
  number        = {2},
  file          = {843973.pdf}
}

@Article{         buchler01:relative,
  author        = {Michael Buchler},
  title         = {Relative Saturation of Interval and Set Classes: A New
                  Model for Understanding Pcset Complementation and
                  Resemblance},
  journal       = {Computer Music Journal},
  year          = {2001},
  volume        = {45},
  number        = {2},
  file          = {3653442.pdf}
}

@Article{         buelow62:heinichens,
  author        = {George J. Buelow},
  title         = {Heinichen's Treatment of Dissonance},
  journal       = {Computer Music Journal},
  year          = {1962},
  volume        = {6},
  number        = {2},
  file          = {842911.pdf}
}

@Article{         burkhart97:remembering,
  author        = {Charles Burkhart},
  title         = {Remembering David Kraehenbuehl},
  journal       = {Computer Music Journal},
  year          = {1997},
  volume        = {41},
  number        = {2},
  file          = {843957.pdf}
}

@Article{         burn01:further,
  author        = {David Burn},
  title         = { Further Observations on Stacked Canon and Renaissance
                  Compositional Procedure: Gascongne's "Ista Est Speciosa"
                  and Forestier's "Missa L'Homme Armé" },
  journal       = {Computer Music Journal},
  year          = {2001},
  volume        = {45},
  number        = {1},
  file          = {3090649.pdf}
}

@Article{         burnham89:role,
  author        = {Scott Burnham},
  title         = {The Role of Sonata Form in A. B. Marx's Theory of Form},
  journal       = {Computer Music Journal},
  year          = {1989},
  volume        = {33},
  number        = {2},
  file          = {843794.pdf}
}

@Article{         burns94:modal,
  author        = {Lori Burns},
  title         = {Modal Identity and Irregular Endings in Two Chorale
                  Harmonizations by J. S. Bach},
  journal       = {Computer Music Journal},
  year          = {1994},
  volume        = {38},
  number        = {1},
  file          = {843827.pdf}
}

@Article{         butler77:fugue,
  author        = {Gregory G. Butler},
  title         = {Fugue and Rhetoric},
  journal       = {Computer Music Journal},
  year          = {1977},
  volume        = {21},
  number        = {1},
  file          = {843479.pdf}
}

@Article{         caine63:tape,
  author        = {Hugh Le Caine},
  title         = {A Tape Recorder for Use in Electronic Music Studios and
                  Related Equipment},
  journal       = {Computer Music Journal},
  year          = {1963},
  volume        = {7},
  number        = {1},
  file          = {843023.pdf}
}

@Article{         callender98:voice-leading,
  author        = {Clifton Callender},
  title         = {Voice-Leading Parsimony in the Music of Alexander
                  Scriabin},
  journal       = {Computer Music Journal},
  year          = {1998},
  volume        = {42},
  number        = {2},
  file          = {843875.pdf}
}

@Article{         capellen93:georg,
  author        = {David W. Bernstein AND Georg Capellen},
  title         = {Georg Capellen's Theory of Reduction: Radical Harmonic
                  Theory at the Turn of the Twentieth Century},
  journal       = {Computer Music Journal},
  year          = {1993},
  volume        = {37},
  number        = {1},
  file          = {843945.pdf}
}

@Article{         caplin84:moritz,
  author        = {William Caplin},
  title         = {Moritz Hauptmann and the Theory of Suspensions},
  journal       = {Computer Music Journal},
  year          = {1984},
  volume        = {28},
  number        = {2},
  file          = {843534.pdf}
}

@Article{         carey02:coherence,
  author        = {Norman Carey},
  title         = {On Coherence and Sameness, and the Evaluation of Scale
                  Candidacy Claims},
  journal       = {Computer Music Journal},
  year          = {2002},
  volume        = {46},
  number        = {1/2},
  file          = {4147677.pdf}
}

@Article{         carpenter73:tonal,
  author        = {Patricia Carpenter},
  title         = {Tonal Coherence in a Motet of Dufay},
  journal       = {Computer Music Journal},
  year          = {1973},
  volume        = {17},
  number        = {1},
  file          = {843117.pdf}
}

@Article{         carter63:letters,
  author        = {Elliott Carter},
  title         = {Letters to the Editor},
  journal       = {Computer Music Journal},
  year          = {1963},
  volume        = {7},
  number        = {2},
  file          = {843114.pdf}
}

@Article{         cazden58:principle,
  author        = {Norman Cazden},
  title         = {The Principle of Direction in the Motion of Similar Tonal
                  Harmonies},
  journal       = {Computer Music Journal},
  year          = {1958},
  volume        = {2},
  number        = {2},
  file          = {843198.pdf}
}

@Article{         chapman81:some,
  author        = {Alan Chapman},
  title         = {Some Intervallic Aspects of Pitch-Class Set Relations},
  journal       = {Computer Music Journal},
  year          = {1981},
  volume        = {25},
  number        = {2},
  file          = {843652.pdf}
}

@Article{         childs98:moving,
  author        = {Adrian P. Childs},
  title         = {Moving beyond Neo-Riemannian Triads: Exploring a
                  Transformational Model for Seventh Chords},
  journal       = {Computer Music Journal},
  year          = {1998},
  volume        = {42},
  number        = {2},
  file          = {843872.pdf}
}

@Article{         chrisman71:identification,
  author        = {Richard Chrisman},
  title         = {Identification and Correlation of Pitch-Sets},
  journal       = {Computer Music Journal},
  year          = {1971},
  volume        = {15},
  number        = {1/2},
  file          = {842896.pdf}
}

@Article{         chrisman77:describing,
  author        = {Richard Chrisman},
  title         = {Describing Structural Aspects of Pitch-Sets Using
                  Successive-Interval Arrays},
  journal       = {Computer Music Journal},
  year          = {1977},
  volume        = {21},
  number        = {1},
  file          = {843477.pdf}
}

@Article{         christensen92:spanish,
  author        = {Thomas Christensen},
  title         = {The Spanish Baroque Guitar and Seventeenth-Century Triadic
                  Theory},
  journal       = {Computer Music Journal},
  year          = {1992},
  volume        = {36},
  number        = {1},
  file          = {843908.pdf}
}

@Article{         clampitt96:regions,
  author        = {Norman Carey AND David Clampitt},
  title         = {Regions: A Theory of Tonal Spaces in Early Medieval
                  Treatises},
  journal       = {Computer Music Journal},
  year          = {1996},
  volume        = {40},
  number        = {1},
  file          = {843924.pdf}
}

@Article{         clampitt98:alternative,
  author        = {David Clampitt},
  title         = {Alternative Interpretations of Some Measures from
                  "Parsifal"},
  journal       = {Computer Music Journal},
  year          = {1998},
  volume        = {42},
  number        = {2},
  file          = {843882.pdf}
}

@Article{         clark82:heinrich,
  author        = {William Clark},
  title         = {Heinrich Schenker on the Nature of the Seventh Chord},
  journal       = {Computer Music Journal},
  year          = {1982},
  volume        = {26},
  number        = {2},
  file          = {843422.pdf}
}

@Article{         clarkson84:not-so-new,
  author        = {Stefan Wolpe AND Austin Clarkson},
  title         = {On New (And Not-so-New) Music in America},
  journal       = {Computer Music Journal},
  year          = {1984},
  volume        = {28},
  number        = {1},
  file          = {843449.pdf}
}

@Article{         clifton69:training,
  author        = {Thomas Clifton},
  title         = {Training in Music Theory: Process and Product},
  journal       = {Computer Music Journal},
  year          = {1969},
  volume        = {13},
  number        = {1},
  file          = {843214.pdf}
}

@Article{         clifton70:application,
  author        = {Thomas Clifton},
  title         = {An Application of Goethe's Concept of Steigerung to the
                  Morphology of Diminution},
  journal       = {Computer Music Journal},
  year          = {1970},
  volume        = {14},
  number        = {2},
  file          = {842965.pdf}
}

@Article{         clifton73:music,
  author        = {Thomas Clifton},
  title         = {Music and the a Priori},
  journal       = {Computer Music Journal},
  year          = {1973},
  volume        = {17},
  number        = {1},
  file          = {843118.pdf}
}

@Article{         clifton75:some,
  author        = {Thomas Clifton},
  title         = {Some Comparisons between Intuitive and Scientific
                  Descriptions of Music},
  journal       = {Computer Music Journal},
  year          = {1975},
  volume        = {19},
  number        = {1},
  file          = {843751.pdf}
}

@Article{         clough57:leading,
  author        = {John Clough},
  title         = {The Leading Tone in Direct Chromaticism: From Renaissance
                  to Baroque},
  journal       = {Computer Music Journal},
  year          = {1957},
  volume        = {1},
  number        = {1},
  file          = {843089.pdf}
}

@Article{         clough65:pitch-set,
  author        = {John Clough},
  title         = {Pitch-Set Equivalence and Inclusion (A Comment on Forte's
                  Theory of Set-Complexes)},
  journal       = {Computer Music Journal},
  year          = {1965},
  volume        = {9},
  number        = {1},
  file          = {843153.pdf}
}

@Article{         clough79:aspects,
  author        = {John Clough},
  title         = {Aspects of Diatonic Sets},
  journal       = {Computer Music Journal},
  year          = {1979},
  volume        = {23},
  number        = {1},
  file          = {843693.pdf}
}

@Article{         clough83:use,
  author        = {John Clough},
  title         = {Use of the Exclusion Relation to Profile Pitch-Class
                  Sets},
  journal       = {Computer Music Journal},
  year          = {1983},
  volume        = {27},
  number        = {2},
  file          = {843514.pdf}
}

@Article{         clough98:rudimentary,
  author        = {John Clough},
  title         = {A Rudimentary Geometric Model for Contextual Transposition
                  and Inversion},
  journal       = {Computer Music Journal},
  year          = {1998},
  volume        = {42},
  number        = {2},
  file          = {843880.pdf}
}

@Article{         cohen69:patterns,
  author        = {Dalia Cohen},
  title         = {Patterns and Frameworks of Intonation},
  journal       = {Computer Music Journal},
  year          = {1969},
  volume        = {13},
  number        = {1},
  file          = {843215.pdf}
}

@Article{         cohen71:palestrina,
  author        = {Dalia Cohen},
  title         = {Palestrina Counterpoint: A Musical Expression of Unexcited
                  Speech},
  journal       = {Computer Music Journal},
  year          = {1971},
  volume        = {15},
  number        = {1/2},
  file          = {842897.pdf}
}

@Article{         cohn91:properties,
  author        = {Richard Cohn},
  title         = {Properties and Generability of Transpositionally Invariant
                  Sets},
  journal       = {Computer Music Journal},
  year          = {1991},
  volume        = {35},
  number        = {1/2},
  file          = {843808.pdf}
}

@Article{         cohn97:neo-riemannian,
  author        = {Richard Cohn},
  title         = {Neo-Riemannian Operations, Parsimonious Trichords, and
                  Their "Tonnetz" Representations},
  journal       = {Computer Music Journal},
  year          = {1997},
  volume        = {41},
  number        = {1},
  file          = {843761.pdf}
}

@Article{         cohn98:introduction,
  author        = {Richard Cohn},
  title         = {Introduction to Neo-Riemannian Theory: A Survey and a
                  Historical Perspective},
  journal       = {Computer Music Journal},
  year          = {1998},
  volume        = {42},
  number        = {2},
  file          = {843871.pdf}
}

@Article{         cohn98:square,
  author        = {Richard Cohn},
  title         = {Square Dances with Cubes},
  journal       = {Computer Music Journal},
  year          = {1998},
  volume        = {42},
  number        = {2},
  file          = {843879.pdf}
}

@Article{         coover59:music,
  author        = {James Coover},
  title         = {Music Theory in Translation: A Bibliography},
  journal       = {Computer Music Journal},
  year          = {1959},
  volume        = {3},
  number        = {1},
  file          = {843002.pdf}
}

@Article{         coover69:music,
  author        = {James Coover},
  title         = {Music Theory in Translation: A Bibliography Supplement,
                  1959-69},
  journal       = {Computer Music Journal},
  year          = {1969},
  volume        = {13},
  number        = {2},
  file          = {842988.pdf}
}

@Article{         covach92:zwölftonspiel,
  author        = {John R. Covach},
  title         = {The Zwölftonspiel of Josef Matthias Hauer},
  journal       = {Computer Music Journal},
  year          = {1992},
  volume        = {36},
  number        = {1},
  file          = {843913.pdf}
}

@Article{         creel61:long,
  author        = {Paul Boomsliter AND Warren Creel},
  title         = {The Long Pattern Hypothesis in Harmony and Hearing},
  journal       = {Computer Music Journal},
  year          = {1961},
  volume        = {5},
  number        = {1},
  file          = {842868.pdf}
}

@Article{         creel63:extended,
  author        = {Paul C. Boomsliter AND Warren Creel},
  title         = {Extended Reference: An Unrecognized Dynamic in Melody},
  journal       = {Computer Music Journal},
  year          = {1963},
  volume        = {7},
  number        = {1},
  file          = {843020.pdf}
}

@Article{         crocker58:musica,
  author        = {Richard L. Crocker},
  title         = {Musica Rhythmica and Musica Metrica in Antique and
                  Medieval Theory},
  journal       = {Computer Music Journal},
  year          = {1958},
  volume        = {2},
  number        = {1},
  file          = {842927.pdf}
}

@Article{         dahlhaus75:some,
  author        = {Carl Dahlhaus},
  title         = {Some Models of Unity in Musical Form},
  journal       = {Computer Music Journal},
  year          = {1975},
  volume        = {19},
  number        = {1},
  file          = {843748.pdf}
}

@Article{         daniels65:microtonality,
  author        = {Arthur Daniels},
  title         = {Microtonality and Mean-Tone Temperament in the Harmonic
                  System of Francisco Salinas},
  journal       = {Computer Music Journal},
  year          = {1965},
  volume        = {9},
  number        = {1},
  file          = {843148.pdf}
}

@Article{         daniels65:microtonality-b,
  author        = {Arthur Daniels},
  title         = {Microtonality and Mean-Tone Temperament in the Harmonic
                  System of Francisco Salinas},
  journal       = {Computer Music Journal},
  year          = {1965},
  volume        = {9},
  number        = {2},
  file          = {843162.pdf}
}

@Article{         debellis99:paradox,
  author        = {Mark DeBellis},
  title         = {The Paradox of Musical Analysis},
  journal       = {Computer Music Journal},
  year          = {1999},
  volume        = {43},
  number        = {1},
  file          = {3090690.pdf}
}

@Article{         debussy85:tonal,
  author        = {Richard S. Parks AND Debussy},
  title         = {Tonal Analogues as Atonal Resources and Their Relation to
                  Form in Debussy's "Chromatic Etude"},
  journal       = {Computer Music Journal},
  year          = {1985},
  volume        = {29},
  number        = {1},
  file          = {843370.pdf}
}

@Article{         delio80:iannis,
  author        = {Thomas DeLio},
  title         = {Iannis Xenakis' "Nomos Alpha": The Dialectics of Structure
                  and Materials},
  journal       = {Computer Music Journal},
  year          = {1980},
  volume        = {24},
  number        = {1},
  file          = {843739.pdf}
}

@Article{         demske88:inversional,
  author        = {Thomas R. Demske},
  title         = {Inversional Common-Note Structure and Interval-Class
                  Content},
  journal       = {Computer Music Journal},
  year          = {1988},
  volume        = {32},
  number        = {2},
  file          = {843438.pdf}
}

@Article{         divilbiss64:real-time,
  author        = {J. L. Divilbiss},
  title         = {The Real-Time Generation of Music with a Digital
                  Computer},
  journal       = {Computer Music Journal},
  year          = {1964},
  volume        = {8},
  number        = {1},
  file          = {842975.pdf}
}

@Article{         dobay84:evolution,
  author        = {Thomas R. de Dobay},
  title         = {The Evolution of Harmonic Style in the Lorca Works of
                  Crumb},
  journal       = {Computer Music Journal},
  year          = {1984},
  volume        = {28},
  number        = {1},
  file          = {843452.pdf}
}

@Article{         douthett91:maximally,
  author        = {John Clough AND Jack Douthett},
  title         = {Maximally Even Sets},
  journal       = {Computer Music Journal},
  year          = {1991},
  volume        = {35},
  number        = {1/2},
  file          = {843811.pdf}
}

@Article{         douthett94:vector,
  author        = {Steven Block AND Jack Douthett},
  title         = {Vector Products and Intervallic Weighting},
  journal       = {Computer Music Journal},
  year          = {1994},
  volume        = {38},
  number        = {1},
  file          = {843826.pdf}
}

@Article{         douthett97:hyperscales,
  author        = {John Clough AND John Cuciurean AND Jack Douthett},
  title         = {Hyperscales and the Generalized Tetrachord},
  journal       = {Computer Music Journal},
  year          = {1997},
  volume        = {41},
  number        = {1},
  file          = {843762.pdf}
}

@Article{         drew68:information,
  author        = {James Drew},
  title         = {Information, Space, and a New Time-Dialectic},
  journal       = {Computer Music Journal},
  year          = {1968},
  volume        = {12},
  number        = {1},
  file          = {842887.pdf}
}

@Article{         ellsworth73:origin,
  author        = {Oliver Ellsworth},
  title         = {The Origin of the Coniuncta: A Reappraisal},
  journal       = {Computer Music Journal},
  year          = {1973},
  volume        = {17},
  number        = {1},
  file          = {843119.pdf}
}

@Article{         epstein99:shaping,
  author        = {David Epstein},
  title         = {"Shaping Time: Music, the Brain, and Performance", a
                  Response to William Rothstein},
  journal       = {Computer Music Journal},
  year          = {1999},
  volume        = {43},
  number        = {1},
  file          = {3090693.pdf}
}

@Article{         erickson63:time-relations,
  author        = {Robert Erickson},
  title         = {Time-Relations},
  journal       = {Computer Music Journal},
  year          = {1963},
  volume        = {7},
  number        = {2},
  file          = {843108.pdf}
}

@Article{         erickson68:music,
  author        = {Raymond Erickson},
  title         = {Music Analysis and the Computer},
  journal       = {Computer Music Journal},
  year          = {1968},
  volume        = {12},
  number        = {2},
  file          = {843312.pdf}
}

@Article{         erickson69:general-purpose,
  author        = {Raymond Erickson},
  title         = {A General-Purpose System for Computer Aided Musical
                  Studies},
  journal       = {Computer Music Journal},
  year          = {1969},
  volume        = {13},
  number        = {2},
  file          = {842990.pdf}
}

@Article{         ericksson86:ic,
  author        = {Tore Ericksson},
  title         = {The IC Max Point Structure, MM Vectors and Regions},
  journal       = {Computer Music Journal},
  year          = {1986},
  volume        = {30},
  number        = {1},
  file          = {843410.pdf}
}

@Article{         esper66:max,
  author        = {Erwin Esper},
  title         = {Max Meyer and the Psychology of Music},
  journal       = {Computer Music Journal},
  year          = {1966},
  volume        = {10},
  number        = {2},
  file          = {843241.pdf}
}

@Article{         euclid75:annotated,
  author        = {Thomas J. Mathiesen AND Euclid},
  title         = {An Annotated Translation of Euclid's "Division of a
                  Monochord"},
  journal       = {Computer Music Journal},
  year          = {1975},
  volume        = {19},
  number        = {2},
  file          = {843590.pdf}
}

@Article{         f63:editorial,
  author        = {A. F.},
  title         = {Editorial Note},
  journal       = {Computer Music Journal},
  year          = {1963},
  volume        = {7},
  number        = {1},
  file          = {843017.pdf}
}

@Article{         f63:editorial-b,
  author        = {A. F.},
  title         = {Editorial Note},
  journal       = {Computer Music Journal},
  year          = {1963},
  volume        = {7},
  number        = {2},
  file          = {843106.pdf}
}

@Article{         fay71:perceived,
  author        = {Thomas Fay},
  title         = {Perceived Hierarchic Structure in Language and Music},
  journal       = {Computer Music Journal},
  year          = {1971},
  volume        = {15},
  number        = {1/2},
  file          = {842898.pdf}
}

@Article{         fay74:context,
  author        = {Thomas Fay},
  title         = {Context Analysis of Musical Gestures},
  journal       = {Computer Music Journal},
  year          = {1974},
  volume        = {18},
  number        = {1},
  file          = {843138.pdf}
}

@Article{         fennelly66:structure,
  author        = {Brian Fennelly},
  title         = {Structure and Process in Webern's Opus 22},
  journal       = {Computer Music Journal},
  year          = {1966},
  volume        = {10},
  number        = {2},
  file          = {843246.pdf}
}

@Article{         ferris59:evolution,
  author        = {Joan Ferris},
  title         = {The Evolution of Rameau's "Harmonic Theories"},
  journal       = {Computer Music Journal},
  year          = {1959},
  volume        = {3},
  number        = {2},
  file          = {842852.pdf}
}

@Article{         fletcher57:music,
  author        = {Stanley Fletcher},
  title         = {Music Reading Reconsidered as a Code-Learning Problem},
  journal       = {Computer Music Journal},
  year          = {1957},
  volume        = {1},
  number        = {1},
  file          = {843091.pdf}
}

@Article{         forte59:schenkers,
  author        = {Allen Forte},
  title         = {Schenker's Conception of Musical Structure},
  journal       = {Computer Music Journal},
  year          = {1959},
  volume        = {3},
  number        = {1},
  file          = {842996.pdf}
}

@Article{         forte64:theory,
  author        = {Allen Forte},
  title         = {A Theory of Set-Complexes for Music},
  journal       = {Computer Music Journal},
  year          = {1964},
  volume        = {8},
  number        = {2},
  file          = {843079.pdf}
}

@Article{         forte65:domain,
  author        = {Allen Forte},
  title         = {The Domain and Relations of Set-Complex Theory},
  journal       = {Computer Music Journal},
  year          = {1965},
  volume        = {9},
  number        = {1},
  file          = {843154.pdf}
}

@Article{         forte66:program,
  author        = {Allen Forte},
  title         = {A Program for the Analytic Reading of Scores},
  journal       = {Computer Music Journal},
  year          = {1966},
  volume        = {10},
  number        = {2},
  file          = {843247.pdf}
}

@Article{         forte73:basic,
  author        = {Allen Forte},
  title         = {The Basic Interval Patterns},
  journal       = {Computer Music Journal},
  year          = {1973},
  volume        = {17},
  number        = {2},
  file          = {843343.pdf}
}

@Article{         forte88:pitch-class,
  author        = {Allen Forte},
  title         = {Pitch-Class Set Genera and the Origin of Modern Harmonic
                  Species},
  journal       = {Computer Music Journal},
  year          = {1988},
  volume        = {32},
  number        = {2},
  file          = {843436.pdf}
}

@Article{         friedmann86:errata,
  author        = {Michael L. Friedmann},
  title         = {Errata to Maegaard and Friedmann},
  journal       = {Computer Music Journal},
  year          = {1986},
  volume        = {30},
  number        = {1},
  file          = {843418.pdf}
}

@Article{         friedmann87:response,
  author        = {Michael L. Friedmann},
  title         = {A Response: My Contour, Their Contour},
  journal       = {Computer Music Journal},
  year          = {1987},
  volume        = {31},
  number        = {2},
  file          = {843710.pdf}
}

@Article{         fuller67:structure,
  author        = {Lejaren Hiller AND Ramon Fuller},
  title         = {Structure and Information in Webern's Symphonie, Op. 21},
  journal       = {Computer Music Journal},
  year          = {1967},
  volume        = {11},
  number        = {1},
  file          = {842949.pdf}
}

@Article{         fuller72:study,
  author        = {Ramon Fuller},
  title         = {A Study of Interval and Trichord Progressions},
  journal       = {Computer Music Journal},
  year          = {1972},
  volume        = {16},
  number        = {1/2},
  file          = {843329.pdf}
}

@Article{         fuller75:structuralist,
  author        = {Ramon Fuller},
  title         = {A Structuralist Approach to the Diatonic Scale},
  journal       = {Computer Music Journal},
  year          = {1975},
  volume        = {19},
  number        = {2},
  file          = {843588.pdf}
}

@Article{         fuller86:sonority,
  author        = {Sarah Fuller},
  title         = {On Sonority in Fourteenth-Century Polyphony: Some
                  Preliminary Reflections},
  journal       = {Computer Music Journal},
  year          = {1986},
  volume        = {30},
  number        = {1},
  file          = {843408.pdf}
}

@Article{         fuller91:study,
  author        = {Ramon Fuller},
  title         = {A Study of Microtonal Equal Temperaments},
  journal       = {Computer Music Journal},
  year          = {1991},
  volume        = {35},
  number        = {1/2},
  file          = {843813.pdf}
}

@Article{         fuller92:tendencies,
  author        = {Sarah Fuller},
  title         = {Tendencies and Resolutions: The Directed Progression in
                  "Ars Nova" Music},
  journal       = {Computer Music Journal},
  year          = {1992},
  volume        = {36},
  number        = {2},
  file          = {843932.pdf}
}

@Article{         galand00:large-scale,
  author        = {Joel Galand},
  title         = {The Large-Scale Formal Role of the Solo Entry Theme in the
                  Eighteenth-Century Concerto},
  journal       = {Computer Music Journal},
  year          = {2000},
  volume        = {44},
  number        = {2},
  file          = {3090682.pdf}
}

@Article{         gamer67:some,
  author        = {Carlton Gamer},
  title         = {Some Combinational Resources of Equal-Tempered Systems},
  journal       = {Computer Music Journal},
  year          = {1967},
  volume        = {11},
  number        = {1},
  file          = {842948.pdf}
}

@Article{         gilbert70:twelve-tone,
  author        = {Steven E. Gilbert},
  title         = {The "Twelve-Tone System" of Carl Ruggles: A Study of the
                  Evocations for Piano},
  journal       = {Computer Music Journal},
  year          = {1970},
  volume        = {14},
  number        = {1},
  file          = {843037.pdf}
}

@Article{         gilbert74:introduction,
  author        = {Steven E. Gilbert},
  title         = {An Introduction to Trichordal Analysis},
  journal       = {Computer Music Journal},
  year          = {1974},
  volume        = {18},
  number        = {2},
  file          = {843641.pdf}
}

@Article{         goder72:interval-triangle,
  author        = {Miriam Goder},
  title         = {The Interval-Triangle},
  journal       = {Computer Music Journal},
  year          = {1972},
  volume        = {16},
  number        = {1/2},
  file          = {843330.pdf}
}

@Article{         goldenberg98:letter,
  author        = {Joseph Goldenberg},
  title         = {Letter to the Editor},
  journal       = {Computer Music Journal},
  year          = {1998},
  volume        = {42},
  number        = {2},
  file          = {843884.pdf}
}

@Article{         gollin98:some,
  author        = {Edward Gollin},
  title         = {Some Aspects of Three-Dimensional "Tonnetze"},
  journal       = {Computer Music Journal},
  year          = {1998},
  volume        = {42},
  number        = {2},
  file          = {843873.pdf}
}

@Article{         gosman97:stacked,
  author        = {Alan Gosman},
  title         = {Stacked Canon and Renaissance Compositional Procedure},
  journal       = {Computer Music Journal},
  year          = {1997},
  volume        = {41},
  number        = {2},
  file          = {843961.pdf}
}

@Article{         grossman68:organic,
  author        = {Heinrich Schenker AND Orin Grossman},
  title         = {Organic Structure in Sonata Form},
  journal       = {Computer Music Journal},
  year          = {1968},
  volume        = {12},
  number        = {2},
  file          = {843310.pdf}
}

@Article{         gruber70:mersenne,
  author        = {Albion Gruber},
  title         = {Mersenne and Evolving Tonal Theory},
  journal       = {Computer Music Journal},
  year          = {1970},
  volume        = {14},
  number        = {1},
  file          = {843036.pdf}
}

@Article{         gustin62:theory,
  author        = {Molly Gustin},
  title         = {A Theory of Roots},
  journal       = {Computer Music Journal},
  year          = {1962},
  volume        = {6},
  number        = {2},
  file          = {842909.pdf}
}

@Article{         haar75:sixteenth-century,
  author        = {James Haar},
  title         = {A Sixteenth-Century Hexachord Composition},
  journal       = {Computer Music Journal},
  year          = {1975},
  volume        = {19},
  number        = {1},
  file          = {843749.pdf}
}

@Article{         hall73:objective,
  author        = {Donald Hall},
  title         = {The Objective Measurement of Goodness-of-Fit for Tunings
                  and Temperaments},
  journal       = {Computer Music Journal},
  year          = {1973},
  volume        = {17},
  number        = {2},
  file          = {843344.pdf}
}

@Article{         hanninen01:orientations,
  author        = {Dora A. Hanninen},
  title         = {Orientations, Criteria, Segments: A General Theory of
                  Segmentation for Music Analysis},
  journal       = {Computer Music Journal},
  year          = {2001},
  volume        = {45},
  number        = {2},
  file          = {3653443.pdf}
}

@Article{         hansen74:letters,
  author        = {Wilson Coker AND Forest Hansen},
  title         = {Letters},
  journal       = {Computer Music Journal},
  year          = {1974},
  volume        = {18},
  number        = {1},
  file          = {843143.pdf}
}

@Article{         harrison03:rosalia,
  author        = {Daniel Harrison},
  title         = {Rosalia, Aloysius, and Arcangelo: A Genealogy of the
                  Sequence},
  journal       = {Computer Music Journal},
  year          = {2003},
  volume        = {47},
  number        = {2},
  file          = {30041091.pdf}
}

@Article{         harrison88:some,
  author        = {Daniel Harrison},
  title         = {Some Group Properties of Triple Counterpoint and Their
                  Influence on Compositions by J. S. Bach},
  journal       = {Computer Music Journal},
  year          = {1988},
  volume        = {32},
  number        = {1},
  file          = {843384.pdf}
}

@Article{         hasty81:rhythm,
  author        = {Christopher F. Hasty},
  title         = {Rhythm in Post-Tonal Music: Preliminary Questions of
                  Duration and Motion},
  journal       = {Computer Music Journal},
  year          = {1981},
  volume        = {25},
  number        = {2},
  file          = {843649.pdf}
}

@Article{         hasty84:phrase,
  author        = {Christopher F. Hasty},
  title         = {Phrase Formation in Post-Tonal Music},
  journal       = {Computer Music Journal},
  year          = {1984},
  volume        = {28},
  number        = {2},
  file          = {843531.pdf}
}

@Article{         hasty87:intervallic,
  author        = {Christopher F. Hasty},
  title         = {An Intervallic Definition of Set Class},
  journal       = {Computer Music Journal},
  year          = {1987},
  volume        = {31},
  number        = {2},
  file          = {843707.pdf}
}

@Article{         haydn88:haydns,
  author        = {Ethan Haimo AND Haydn},
  title         = {Haydn's "Altered Reprise"},
  journal       = {Computer Music Journal},
  year          = {1988},
  volume        = {32},
  number        = {2},
  file          = {843439.pdf}
}

@Article{         haydon63:music,
  author        = {Glen Haydon},
  title         = {Music Theory and Music History},
  journal       = {Computer Music Journal},
  year          = {1963},
  volume        = {7},
  number        = {2},
  file          = {843110.pdf}
}

@Article{         helm66:six,
  author        = {E. Eugene Helm},
  title         = {Six Random Measures of C. P. E. Bach},
  journal       = {Computer Music Journal},
  year          = {1966},
  volume        = {10},
  number        = {1},
  file          = {843301.pdf}
}

@Article{         hindemith98:paul,
  author        = {Allen Forte AND Paul Hindemith},
  title         = {Paul Hindemith's Contribution to Music Theory in the
                  United States},
  journal       = {Computer Music Journal},
  year          = {1998},
  volume        = {42},
  number        = {1},
  file          = {843851.pdf}
}

@Article{         hirshberg74:berlioz,
  author        = {Jehoash Hirshberg},
  title         = {Berlioz and the Fugue},
  journal       = {Computer Music Journal},
  year          = {1974},
  volume        = {18},
  number        = {1},
  file          = {843139.pdf}
}

@Article{         hook02:uniform,
  author        = {Julian Hook},
  title         = {Uniform Triadic Transformations},
  journal       = {Computer Music Journal},
  year          = {2002},
  volume        = {46},
  number        = {1/2},
  file          = {4147678.pdf}
}

@Article{         horlacher95:metric,
  author        = {Gretchen Horlacher},
  title         = {Metric Irregularity in "Les noces": The Problem of
                  Periodicity},
  journal       = {Computer Music Journal},
  year          = {1995},
  volume        = {39},
  number        = {2},
  file          = {843969.pdf}
}

@Article{         houghton74:rhythm,
  author        = {Edward Houghton},
  title         = {Rhythm and Meter in 15th-Century Polyphony},
  journal       = {Computer Music Journal},
  year          = {1974},
  volume        = {18},
  number        = {1},
  file          = {843140.pdf}
}

@Article{         houtsma71:what,
  author        = {Adrian J. M. Houtsma},
  title         = {What Determines Musical Pitch?},
  journal       = {Computer Music Journal},
  year          = {1971},
  volume        = {15},
  number        = {1/2},
  file          = {842899.pdf}
}

@Article{         hsu66:ernst,
  author        = {Dolores Menstell Hsu},
  title         = {Ernst Kurth and His Concept of Music as Motion},
  journal       = {Computer Music Journal},
  year          = {1966},
  volume        = {10},
  number        = {1},
  file          = {843297.pdf}
}

@Article{         hutchinson81:information,
  author        = {Leon Knopoff AND William Hutchinson},
  title         = {Information Theory for Musical Continua},
  journal       = {Computer Music Journal},
  year          = {1981},
  volume        = {25},
  number        = {1},
  file          = {843465.pdf}
}

@Article{         hutchinson83:entropy,
  author        = {Leon Knopoff AND William Hutchinson},
  title         = {Entropy as a Measure of Style: The Influence of Sample
                  Length},
  journal       = {Computer Music Journal},
  year          = {1983},
  volume        = {27},
  number        = {1},
  file          = {843561.pdf}
}

@Article{         hyer95:reimagining,
  author        = {Brian Hyer},
  title         = {Reimag(in)ing Riemann},
  journal       = {Computer Music Journal},
  year          = {1995},
  volume        = {39},
  number        = {1},
  file          = {843900.pdf}
}

@Article{         isaacson90:similarity,
  author        = {Eric J. Isaacson},
  title         = {Similarity of Interval-Class Content between Pitch-Class
                  Sets: The IcVSIM Relation},
  journal       = {Computer Music Journal},
  year          = {1990},
  volume        = {34},
  number        = {1},
  file          = {843860.pdf}
}

@Article{         jackendoff77:toward,
  author        = {Fred Lerdahl AND Ray Jackendoff},
  title         = {Toward a Formal Theory of Tonal Music},
  journal       = {Computer Music Journal},
  year          = {1977},
  volume        = {21},
  number        = {1},
  file          = {843480.pdf}
}

@Article{         jackson67:further,
  author        = {Roland Jackson},
  title         = {Further Observations on Mozart's Menuetto in D Major},
  journal       = {Computer Music Journal},
  year          = {1967},
  volume        = {11},
  number        = {2},
  file          = {843069.pdf}
}

@Article{         jackson96:tragic,
  author        = {Timothy L. Jackson},
  title         = {The Tragic Reversed Recapitulation in the German Classical
                  Tradition},
  journal       = {Computer Music Journal},
  year          = {1996},
  volume        = {40},
  number        = {1},
  file          = {843923.pdf}
}

@Article{         jacobi57:harmonic,
  author        = {Erwin R. Jacobi},
  title         = {Harmonic Theory in England after the Time of Rameau},
  journal       = {Computer Music Journal},
  year          = {1957},
  volume        = {1},
  number        = {2},
  file          = {843275.pdf}
}

@Article{         jacobson59:bibliography,
  author        = {George H. Jacobson},
  title         = {Bibliography of Current Periodical Literature},
  journal       = {Computer Music Journal},
  year          = {1959},
  volume        = {3},
  number        = {2},
  file          = {842865.pdf}
}

@Article{         johnson93:harmonic,
  author        = {Timothy A. Johnson},
  title         = {Harmonic Vocabulary in the Music of John Adams: A
                  Hierarchical Approach},
  journal       = {Computer Music Journal},
  year          = {1993},
  volume        = {37},
  number        = {1},
  file          = {843946.pdf}
}

@Article{         josquin77:motivic,
  author        = {Irving Godt AND Josquin},
  title         = {Motivic Integration in Josquin's "Motets"},
  journal       = {Computer Music Journal},
  year          = {1977},
  volume        = {21},
  number        = {2},
  file          = {843491.pdf}
}

@Article{         k57:foreword,
  author        = {D. K.},
  title         = {Foreword},
  journal       = {Computer Music Journal},
  year          = {1957},
  volume        = {1},
  number        = {1},
  file          = {843088.pdf}
}

@Article{         k57:matter,
  author        = {D. K.},
  title         = {A Matter of Policy},
  journal       = {Computer Music Journal},
  year          = {1957},
  volume        = {1},
  number        = {2},
  file          = {843274.pdf}
}

@Article{         k58:what,
  author        = {D. K.},
  title         = {What is Music Theory?},
  journal       = {Computer Music Journal},
  year          = {1958},
  volume        = {2},
  number        = {1},
  file          = {842926.pdf}
}

@Article{         kaarela92:letters,
  author        = {John Rothgeb AND Leo Treitler AND Stephen Hinton AND Edwin
                  E. Kaarela},
  title         = {Letters to the Editor},
  journal       = {Computer Music Journal},
  year          = {1992},
  volume        = {36},
  number        = {1},
  file          = {843917.pdf}
}

@Article{         kamien93:conflicting,
  author        = {Roger Kamien},
  title         = {Conflicting Metrical Patterns in Accompaniment and Melody
                  in Works by Mozart and Beethoven: A Preliminary Study},
  journal       = {Computer Music Journal},
  year          = {1993},
  volume        = {37},
  number        = {2},
  file          = {843786.pdf}
}

@Article{         klumpenhouwer94:instance,
  author        = {Henry Klumpenhouwer},
  title         = {An Instance of Parapraxis in the Gavotte of Schoenberg's
                  Opus 25},
  journal       = {Computer Music Journal},
  year          = {1994},
  volume        = {38},
  number        = {2},
  file          = {843773.pdf}
}

@Article{         knapp62:two,
  author        = {Janet Knapp},
  title         = {Two xiii Century Treatises on Modal Rhythm and the
                  Discant: Discantus positio vulgaris De musica libellus
                  (Anonymous VII)},
  journal       = {Computer Music Journal},
  year          = {1962},
  volume        = {6},
  number        = {2},
  file          = {842910.pdf}
}

@Article{         kochavi98:some,
  author        = {Jonathan Kochavi},
  title         = {Some Structural Features of Contextually-Defined Inversion
                  Operators},
  journal       = {Computer Music Journal},
  year          = {1998},
  volume        = {42},
  number        = {2},
  file          = {843881.pdf}
}

@Article{         komar61:letters,
  author        = {Arthur Komar},
  title         = {Letters to the Editor},
  journal       = {Computer Music Journal},
  year          = {1961},
  volume        = {5},
  number        = {1},
  file          = {842882.pdf}
}

@Article{         kopp97:pentatonic,
  author        = {David Kopp},
  title         = {Pentatonic Organization in Two Piano Pieces of Debussy},
  journal       = {Computer Music Journal},
  year          = {1997},
  volume        = {41},
  number        = {2},
  file          = {843960.pdf}
}

@Article{         kottick68:flats,
  author        = {Edward L. Kottick},
  title         = {Flats, Modality, and Musica Ficta in Some Early
                  Renaissance Chansons},
  journal       = {Computer Music Journal},
  year          = {1968},
  volume        = {12},
  number        = {2},
  file          = {843313.pdf}
}

@Article{         kraehenbuehl58:information,
  author        = {Edgar Coons AND David Kraehenbuehl},
  title         = {Information as a Measure of Structure in Music},
  journal       = {Computer Music Journal},
  year          = {1958},
  volume        = {2},
  number        = {2},
  file          = {843197.pdf}
}

@Article{         kramer71:row,
  author        = {Jonathan Kramer},
  title         = {The Row as Structural Background and Audible Foreground:
                  The First Movement of Webern's First Cantata},
  journal       = {Computer Music Journal},
  year          = {1971},
  volume        = {15},
  number        = {1/2},
  file          = {842900.pdf}
}

@Article{         kramer73:fibonacci,
  author        = {Jonathan Kramer},
  title         = {The Fibonacci Series in Twentieth-Century Music},
  journal       = {Computer Music Journal},
  year          = {1973},
  volume        = {17},
  number        = {1},
  file          = {843120.pdf}
}

@Article{         krebs81:alternatives,
  author        = {Harald Krebs},
  title         = {Alternatives to Monotonality in Early Nineteenth-Century
                  Music},
  journal       = {Computer Music Journal},
  year          = {1981},
  volume        = {25},
  number        = {1},
  file          = {843464.pdf}
}

@Article{         krebs87:some,
  author        = {Harald Krebs},
  title         = {Some Extensions of the Concepts of Metrical Consonance and
                  Dissonance},
  journal       = {Computer Music Journal},
  year          = {1987},
  volume        = {31},
  number        = {1},
  file          = {843547.pdf}
}

@Article{         krumhansl98:perceived,
  author        = {Carol L. Krumhansl},
  title         = {Perceived Triad Distance: Evidence Supporting the
                  Psychological Reality of Neo-Riemannian Transformations},
  journal       = {Computer Music Journal},
  year          = {1998},
  volume        = {42},
  number        = {2},
  file          = {843878.pdf}
}

@Article{         kurth99:partition,
  author        = {Richard Kurth},
  title         = {Partition Lattices in Twelve-Tone Music: An Introduction},
  journal       = {Computer Music Journal},
  year          = {1999},
  volume        = {43},
  number        = {1},
  file          = {3090689.pdf}
}

@Article{         lakner60:method,
  author        = {Yehoshua Lakner},
  title         = {A New Method of Representing Tonal Relations},
  journal       = {Computer Music Journal},
  year          = {1960},
  volume        = {4},
  number        = {2},
  file          = {843181.pdf}
}

@Article{         lambert90:aggregate,
  author        = {J. Philip Lambert},
  title         = {Aggregate Structures in Music of Charles Ives},
  journal       = {Computer Music Journal},
  year          = {1990},
  volume        = {34},
  number        = {1},
  file          = {843861.pdf}
}

@Article{         lambert93:toward,
  author        = {Philip Lambert},
  title         = {Toward a Theory of Chord Structure for the Music of Ives},
  journal       = {Computer Music Journal},
  year          = {1993},
  volume        = {37},
  number        = {1},
  file          = {843944.pdf}
}

@Article{         laprade87:relating,
  author        = {Elizabeth West Marvin AND Paul A. Laprade},
  title         = {Relating Musical Contours: Extensions of a Theory for
                  Contour},
  journal       = {Computer Music Journal},
  year          = {1987},
  volume        = {31},
  number        = {2},
  file          = {843709.pdf}
}

@Article{         larson97:problem,
  author        = {Steve Larson},
  title         = {The Problem of Prolongation in "Tonal" Music: Terminology,
                  Perception, and Expressive Meaning},
  journal       = {Computer Music Journal},
  year          = {1997},
  volume        = {41},
  number        = {1},
  file          = {843763.pdf}
}

@Article{         laufer71:analysis,
  author        = {Austin Clarkson AND Edward Laufer},
  title         = {Analysis Symposium: Brahms Op. 105/1},
  journal       = {Computer Music Journal},
  year          = {1971},
  volume        = {15},
  number        = {1/2},
  file          = {842895.pdf}
}

@Article{         laufer77:ernst,
  author        = {Allen Forte AND Milton Babbitt AND Charles Burkhart AND
                  Clemens Sandresky AND Carl Schachter AND Blanche W. Beck
                  AND Sydney Beck AND David Beach AND John Rothgeb AND Edward
                  Laufer},
  title         = {Ernst Oster (1908-1977) In Memoriam},
  journal       = {Computer Music Journal},
  year          = {1977},
  volume        = {21},
  number        = {2},
  file          = {843494.pdf}
}

@Article{         leach00:counterpoint,
  author        = {Elizabeth Eva Leach},
  title         = {Counterpoint and Analysis in Fourteenth-Century Song},
  journal       = {Computer Music Journal},
  year          = {2000},
  volume        = {44},
  number        = {1},
  file          = {3090669.pdf}
}

@Article{         lenneberg58:johann,
  author        = {Johann Mattheson AND Hans Lenneberg},
  title         = {Johann Mattheson on Affect and Rhetoric in Music (II)},
  journal       = {Computer Music Journal},
  year          = {1958},
  volume        = {2},
  number        = {2},
  file          = {843199.pdf}
}

@Article{         lenneberg58:johann-b,
  author        = {Johann Mattheson AND Hans Lenneberg},
  title         = {Johann Mattheson on Affect and Rhetoric in Music (I)},
  journal       = {Computer Music Journal},
  year          = {1958},
  volume        = {2},
  number        = {1},
  file          = {842930.pdf}
}

@Article{         lerdahl81:generative,
  author        = {Ray Jackendoff AND Fred Lerdahl},
  title         = {Generative Music Theory and Its Relation to Psychology},
  journal       = {Computer Music Journal},
  year          = {1981},
  volume        = {25},
  number        = {1},
  file          = {843466.pdf}
}

@Article{         lerdahl97:issues,
  author        = {Fred Lerdahl},
  title         = {Issues in Prolongational Theory: A Response to Larson},
  journal       = {Computer Music Journal},
  year          = {1997},
  volume        = {41},
  number        = {1},
  file          = {843765.pdf}
}

@Article{         lester78:recognition,
  author        = {Joel Lester},
  title         = {The Recognition of Major and Minor Keys in German Theory:
                  1680-1730},
  journal       = {Computer Music Journal},
  year          = {1978},
  volume        = {22},
  number        = {1},
  file          = {843628.pdf}
}

@Article{         lester92:letters,
  author        = {Larry Solomon AND Peter N. Schubert AND Joel Lester},
  title         = {Letters to the Editor},
  journal       = {Computer Music Journal},
  year          = {1992},
  volume        = {36},
  number        = {2},
  file          = {843938.pdf}
}

@Article{         lewin01:special,
  author        = {David Lewin},
  title         = {Special Cases of the Interval Function between Pitch-Class
                  Sets X and Y},
  journal       = {Computer Music Journal},
  year          = {2001},
  volume        = {45},
  number        = {1},
  file          = {3090647.pdf}
}

@Article{         lewin66:certain,
  author        = {David Lewin},
  title         = {On Certain Techniques of Re-Ordering in Serial Music},
  journal       = {Computer Music Journal},
  year          = {1966},
  volume        = {10},
  number        = {2},
  file          = {843244.pdf}
}

@Article{         lewin68:some,
  author        = {David Lewin},
  title         = {Some Applications of Communication Theory to the Study of
                  Twelve-Tone Music},
  journal       = {Computer Music Journal},
  year          = {1968},
  volume        = {12},
  number        = {1},
  file          = {842886.pdf}
}

@Article{         lewin76:interval,
  author        = {David Lewin},
  title         = {On the Interval Content of Invertible Hexachords},
  journal       = {Computer Music Journal},
  year          = {1976},
  volume        = {20},
  number        = {2},
  file          = {843683.pdf}
}

@Article{         lewin77:label-free,
  author        = {David Lewin},
  title         = {A Label-Free Development for 12-Pitch-Class Systems},
  journal       = {Computer Music Journal},
  year          = {1977},
  volume        = {21},
  number        = {1},
  file          = {843478.pdf}
}

@Article{         lewin80:generalized,
  author        = {David Lewin},
  title         = {On Generalized Intervals and Transformations},
  journal       = {Computer Music Journal},
  year          = {1980},
  volume        = {24},
  number        = {2},
  file          = {843504.pdf}
}

@Article{         lewin82:formal,
  author        = {David Lewin},
  title         = {A Formal Theory of Generalized Tonal Functions},
  journal       = {Computer Music Journal},
  year          = {1982},
  volume        = {26},
  number        = {1},
  file          = {843354.pdf}
}

@Article{         lewin94:tutorial,
  author        = {David Lewin},
  title         = {A Tutorial on Klumpenhouwer Networks, Using the Chorale in
                  Schoenberg's Opus 11, No. 2},
  journal       = {Computer Music Journal},
  year          = {1994},
  volume        = {38},
  number        = {1},
  file          = {843828.pdf}
}

@Article{         lewin96:cohn,
  author        = {David Lewin},
  title         = {Cohn Functions},
  journal       = {Computer Music Journal},
  year          = {1996},
  volume        = {40},
  number        = {2},
  file          = {843888.pdf}
}

@Article{         lewin98:notes,
  author        = {David Lewin},
  title         = {Notes on the Opening of the F# Minor Fugue from WTCI},
  journal       = {Computer Music Journal},
  year          = {1998},
  volume        = {42},
  number        = {2},
  file          = {843876.pdf}
}

@Article{         lewin98:some,
  author        = {David Lewin},
  title         = {Some Ideas about Voice-Leading between PCSets},
  journal       = {Computer Music Journal},
  year          = {1998},
  volume        = {42},
  number        = {1},
  file          = {843852.pdf}
}

@Article{         lincicome72:iterational,
  author        = {David Lincicome},
  title         = {Iterational Systems},
  journal       = {Computer Music Journal},
  year          = {1972},
  volume        = {16},
  number        = {1/2},
  file          = {843331.pdf}
}

@Article{         lindley80:mersenne,
  author        = {Mark Lindley},
  title         = {Mersenne on Keyboard Tuning},
  journal       = {Computer Music Journal},
  year          = {1980},
  volume        = {24},
  number        = {2},
  file          = {843502.pdf}
}

@Article{         litchfield88:aristoxenus,
  author        = {Malcolm Litchfield},
  title         = {Aristoxenus and Empiricism: A Reevaluation Based on His
                  Theories},
  journal       = {Computer Music Journal},
  year          = {1988},
  volume        = {32},
  number        = {1},
  file          = {843385.pdf}
}

@Article{         loach57:bibliography,
  author        = {Donald Loach},
  title         = {Bibliography of Current Periodical Literature},
  journal       = {Computer Music Journal},
  year          = {1957},
  volume        = {1},
  number        = {2},
  file          = {843292.pdf}
}

@Article{         loach57:bibliography-b,
  author        = {Donald Loach},
  title         = {Bibliography of Current Periodical Literature},
  journal       = {Computer Music Journal},
  year          = {1957},
  volume        = {1},
  number        = {1},
  file          = {843102.pdf}
}

@Article{         loach57:stylistic,
  author        = {Donald Loach},
  title         = {A Stylistic Approach to Species Counterpoint},
  journal       = {Computer Music Journal},
  year          = {1957},
  volume        = {1},
  number        = {2},
  file          = {843277.pdf}
}

@Article{         loach58:bibliography,
  author        = {Donald Loach},
  title         = {Bibliography of Current Periodical Literature},
  journal       = {Computer Music Journal},
  year          = {1958},
  volume        = {2},
  number        = {2},
  file          = {843210.pdf}
}

@Article{         loach58:bibliography-b,
  author        = {Donald Loach},
  title         = {Bibliography of Current Periodical Literature},
  journal       = {Computer Music Journal},
  year          = {1958},
  volume        = {2},
  number        = {1},
  file          = {842942.pdf}
}

@Article{         loach59:bibliography,
  author        = {Donald Loach},
  title         = {Bibliography of Current Periodical Literature},
  journal       = {Computer Music Journal},
  year          = {1959},
  volume        = {3},
  number        = {1},
  file          = {843013.pdf}
}

@Article{         london02:some,
  author        = {Justin London},
  title         = {Some Non-Isomorphisms between Pitch and Time},
  journal       = {Computer Music Journal},
  year          = {2002},
  volume        = {46},
  number        = {1/2},
  file          = {4147679.pdf}
}

@Article{         longyear69:binary,
  author        = {R. M. Longyear},
  title         = {Binary Variants of Early Classic Sonata Form},
  journal       = {Computer Music Journal},
  year          = {1969},
  volume        = {13},
  number        = {2},
  file          = {842985.pdf}
}

@Article{         longyear71:minor,
  author        = {R. M. Longyear},
  title         = {The Minor Mode in Eighteenth-Century Sonata Form},
  journal       = {Computer Music Journal},
  year          = {1971},
  volume        = {15},
  number        = {1/2},
  file          = {842901.pdf}
}

@Article{         lord81:intervallic,
  author        = {Charles H. Lord},
  title         = {Intervallic Similarity Relations in Atonal Set Analysis},
  journal       = {Computer Music Journal},
  year          = {1981},
  volume        = {25},
  number        = {1},
  file          = {843467.pdf}
}

@Article{         luening64:some,
  author        = {Otto Luening},
  title         = {Some Random Remarks about Electronic Music},
  journal       = {Computer Music Journal},
  year          = {1964},
  volume        = {8},
  number        = {1},
  file          = {842974.pdf}
}

@Article{         mace70:marin,
  author        = {Dean T. Mace},
  title         = {Marin Mersenne on Language and Music},
  journal       = {Computer Music Journal},
  year          = {1970},
  volume        = {14},
  number        = {1},
  file          = {843035.pdf}
}

@Article{         maegaard85:nomenclature,
  author        = {Jan Maegaard},
  title         = {The Nomenclature of Pitch-Class Sets and the Teaching of
                  Atonal Theory},
  journal       = {Computer Music Journal},
  year          = {1985},
  volume        = {29},
  number        = {2},
  file          = {843617.pdf}
}

@Article{         mancini86:twelve-tone,
  author        = {David L. Mancini},
  title         = {Twelve-Tone Polarity in Late Works of Luigi Dallapiccola},
  journal       = {Computer Music Journal},
  year          = {1986},
  volume        = {30},
  number        = {2},
  file          = {843575.pdf}
}

@Article{         marshall81:editors,
  author        = {Martha MacLean Hyde AND Warner Marshall},
  title         = {From the Editors},
  journal       = {Computer Music Journal},
  year          = {1981},
  volume        = {25},
  number        = {1},
  file          = {843463.pdf}
}

@Article{         marshall97:letter,
  author        = {Warner Marshall},
  title         = {Letter from the Managing Editor},
  journal       = {Computer Music Journal},
  year          = {1997},
  volume        = {41},
  number        = {1},
  file          = {843767.pdf}
}

@Article{         martino61:source,
  author        = {Donald Martino},
  title         = {The Source Set and Its Aggregate Formations},
  journal       = {Computer Music Journal},
  year          = {1961},
  volume        = {5},
  number        = {2},
  file          = {843226.pdf}
}

@Article{         martino80:linear,
  author        = {William Rothstein AND Donald Martino},
  title         = {Linear Structure in the Twelve-Tone System: An Analysis of
                  Donald Martino's "Pianississimo"},
  journal       = {Computer Music Journal},
  year          = {1980},
  volume        = {24},
  number        = {2},
  file          = {843501.pdf}
}

@Article{         mason70:enumeration,
  author        = {Robert M. Mason},
  title         = {Enumeration of Synthetic Musical Scales by Matrix Algebra
                  and a Catalogue of Busoni Scales},
  journal       = {Computer Music Journal},
  year          = {1970},
  volume        = {14},
  number        = {1},
  file          = {843038.pdf}
}

@Article{         mathiesen83:aristides,
  author        = {Thomas J. Mathiesen},
  title         = {Aristides Quintilianus and the "Harmonics" of Manuel
                  Bryennius: A Study in Byzantine Music Theory},
  journal       = {Computer Music Journal},
  year          = {1983},
  volume        = {27},
  number        = {1},
  file          = {843559.pdf}
}

@Article{         mclean01:nature,
  author        = {Brian Alegant AND Donald McLean},
  title         = {On the Nature of Enlargement},
  journal       = {Computer Music Journal},
  year          = {2001},
  volume        = {45},
  number        = {1},
  file          = {3090648.pdf}
}

@Article{         mcnamee85:bitonality,
  author        = {Ann K. McNamee},
  title         = {Bitonality, Mode, and Interval in the Music of Karol
                  Szymanowski},
  journal       = {Computer Music Journal},
  year          = {1985},
  volume        = {29},
  number        = {1},
  file          = {843371.pdf}
}

@Article{         mead99:bodily,
  author        = {Andrew Mead},
  title         = {Bodily Hearing: Physiological Metaphors and Musical
                  Understanding},
  journal       = {Computer Music Journal},
  year          = {1999},
  volume        = {43},
  number        = {1},
  file          = {3090688.pdf}
}

@Article{         mekeel60:harmonic,
  author        = {Joyce Mekeel},
  title         = {The Harmonic Theories of Kirnberger and Marpurg},
  journal       = {Computer Music Journal},
  year          = {1960},
  volume        = {4},
  number        = {2},
  file          = {843180.pdf}
}

@Article{         meyers64:technical,
  author        = {Robert G. Meyers},
  title         = {Technical Bases of Electronic Music},
  journal       = {Computer Music Journal},
  year          = {1964},
  volume        = {8},
  number        = {1},
  file          = {842972.pdf}
}

@Article{         meyers64:technical-b,
  author        = {Robert G. Meyers},
  title         = {Technical Bases of Electronic Music},
  journal       = {Computer Music Journal},
  year          = {1964},
  volume        = {8},
  number        = {2},
  file          = {843080.pdf}
}

@Article{         meyers66:technical,
  author        = {Robert G. Meyers},
  title         = {Technical Bases of Electronic Music},
  journal       = {Computer Music Journal},
  year          = {1966},
  volume        = {10},
  number        = {2},
  file          = {843243.pdf}
}

@Article{         meyers67:technical,
  author        = {Robert G. Meyers},
  title         = {Technical Bases of Electronic Music},
  journal       = {Computer Music Journal},
  year          = {1967},
  volume        = {11},
  number        = {2},
  file          = {843068.pdf}
}

@Article{         mirka01:to,
  author        = {Danuta Mirka},
  title         = {To Cut the Gordian Knot: The Timbre System of Krzysztof
                  Penderecki},
  journal       = {Computer Music Journal},
  year          = {2001},
  volume        = {45},
  number        = {2},
  file          = {3653444.pdf}
}

@Article{         mitchell62:study,
  author        = {William J. Mitchell},
  title         = {The Study of Chromaticism},
  journal       = {Computer Music Journal},
  year          = {1962},
  volume        = {6},
  number        = {1},
  file          = {843257.pdf}
}

@Article{         montagnier03:heavenly,
  author        = {Jean-Paul C. Montagnier},
  title         = {Heavenly Dissonances: The Cadential Six-Four Chord in
                  French Grand Motets and Rameau's Theory of the Accord par
                  Supposition},
  journal       = {Computer Music Journal},
  year          = {2003},
  volume        = {47},
  number        = {2},
  file          = {30041093.pdf}
}

@Article{         mooney00:hugo,
  author        = {Kevin Mooney},
  title         = {Hugo Riemann's Debut as a Music Theorist},
  journal       = {Computer Music Journal},
  year          = {2000},
  volume        = {44},
  number        = {1},
  file          = {3090670.pdf}
}

@Article{         moreno00:challenging,
  author        = {Jairo Moreno},
  title         = {Challenging Views of Sequential Repetition: From
                  "Satzlehre" to "Melodielehre"},
  journal       = {Computer Music Journal},
  year          = {2000},
  volume        = {44},
  number        = {1},
  file          = {3090672.pdf}
}

@Article{         morgan76:dissonant,
  author        = {Robert P. Morgan},
  title         = {Dissonant Prolongation: Theoretical and Compositional
                  Precedents},
  journal       = {Computer Music Journal},
  year          = {1976},
  volume        = {20},
  number        = {1},
  file          = {843604.pdf}
}

@Article{         morgan99:review,
  author        = {Robert P. Morgan},
  title         = {Review: Are There Two Tonal Practices in
                  Nineteenth-Century Music?},
  journal       = {Computer Music Journal},
  year          = {1999},
  volume        = {43},
  number        = {1},
  file          = {3090692.pdf}
}

@Article{         mori97:proportional,
  author        = {Akane Mori},
  title         = {Proportional Exchange in Stravinsky's Early Serial Music},
  journal       = {Computer Music Journal},
  year          = {1997},
  volume        = {41},
  number        = {2},
  file          = {843959.pdf}
}

@Article{         morris77:generation,
  author        = {Robert Morris},
  title         = {On the Generation of Multiple-Order-Function Twelve-Tone
                  Rows},
  journal       = {Computer Music Journal},
  year          = {1977},
  volume        = {21},
  number        = {2},
  file          = {843490.pdf}
}

@Article{         morris82:set,
  author        = {Robert D. Morris},
  title         = {Set Groups, Complementation, and Mappings among
                  Pitch-Class Sets},
  journal       = {Computer Music Journal},
  year          = {1982},
  volume        = {26},
  number        = {1},
  file          = {843356.pdf}
}

@Article{         morris88:generalizing,
  author        = {Robert D. Morris},
  title         = {Generalizing Rotational Arrays},
  journal       = {Computer Music Journal},
  year          = {1988},
  volume        = {32},
  number        = {1},
  file          = {843386.pdf}
}

@Article{         morris90:pitch-class,
  author        = {Robert D. Morris},
  title         = {Pitch-Class Complementation and Its Generalizations},
  journal       = {Computer Music Journal},
  year          = {1990},
  volume        = {34},
  number        = {2},
  file          = {843837.pdf}
}

@Article{         morris95:equivalence,
  author        = {Robert D. Morris},
  title         = {Equivalence and Similarity in Pitch and Their Interaction
                  with PCSet Theory},
  journal       = {Computer Music Journal},
  year          = {1995},
  volume        = {39},
  number        = {2},
  file          = {843967.pdf}
}

@Article{         morton60:numerical,
  author        = {Ian A. Morton},
  title         = {Numerical Orders in Triadic Harmony},
  journal       = {Computer Music Journal},
  year          = {1960},
  volume        = {4},
  number        = {2},
  file          = {843179.pdf}
}

@Article{         mozart83:recurring,
  author        = {David Beach AND Mozart},
  title         = {A Recurring Pattern in Mozart's "Music"},
  journal       = {Computer Music Journal},
  year          = {1983},
  volume        = {27},
  number        = {1},
  file          = {843558.pdf}
}

@Article{         mozart86:subtle,
  author        = {Roger Kamien AND Mozart},
  title         = {Subtle Enharmonic Relationships in Mozart's "Music"},
  journal       = {Computer Music Journal},
  year          = {1986},
  volume        = {30},
  number        = {2},
  file          = {843573.pdf}
}

@Article{         muzzulini95:musical,
  author        = {Daniel Muzzulini},
  title         = {Musical Modulation by Symmetries},
  journal       = {Computer Music Journal},
  year          = {1995},
  volume        = {39},
  number        = {2},
  file          = {843970.pdf}
}

@Article{         myerson85:variety,
  author        = {John Clough AND Gerald Myerson},
  title         = {Variety and Multiplicity in Diatonic Systems},
  journal       = {Computer Music Journal},
  year          = {1985},
  volume        = {29},
  number        = {2},
  file          = {843615.pdf}
}

@Article{         nakaseko57:symbolism,
  author        = {Kazu Nakaseko},
  title         = {Symbolism in Ancient Chinese Music Theory},
  journal       = {Computer Music Journal},
  year          = {1957},
  volume        = {1},
  number        = {2},
  file          = {843276.pdf}
}

@Article{         nauert03:progression,
  author        = {Paul Nauert},
  title         = {The Progression Vector: Modelling Aspects of Post-Tonal
                  Harmony},
  journal       = {Computer Music Journal},
  year          = {2003},
  volume        = {47},
  number        = {1},
  file          = {30041084.pdf}
}

@Article{         neumann60:letters,
  author        = {Hans Neumann},
  title         = {Letters to the Editor},
  journal       = {Computer Music Journal},
  year          = {1960},
  volume        = {4},
  number        = {2},
  file          = {843194.pdf}
}

@Article{         neumeyer87:ascending,
  author        = {David Neumeyer},
  title         = {The Ascending "Urlinie"},
  journal       = {Computer Music Journal},
  year          = {1987},
  volume        = {31},
  number        = {2},
  file          = {843711.pdf}
}

@Article{         nolan95:structural,
  author        = {Catherine Nolan},
  title         = {Structural Levels and Twelve-Tone Music: A Revisionist
                  Analysis of the Second Movement of Webern's "Piano
                  Variations" Op. 27},
  journal       = {Computer Music Journal},
  year          = {1995},
  volume        = {39},
  number        = {1},
  file          = {843898.pdf}
}

@Article{         nordgren60:measure,
  author        = {Quentin R. Nordgren},
  title         = {A Measure of Textural Patterns and Strengths},
  journal       = {Computer Music Journal},
  year          = {1960},
  volume        = {4},
  number        = {1},
  file          = {843045.pdf}
}

@Article{         oster61:register,
  author        = {Ernst Oster},
  title         = {Register and the Large-Scale Connection},
  journal       = {Computer Music Journal},
  year          = {1961},
  volume        = {5},
  number        = {1},
  file          = {842870.pdf}
}

@Article{         oster66:analysis,
  author        = {Howard Boatwright AND Ernst Oster},
  title         = {Analysis Symposium: W. A. Mozart, Menuetto in D major for
                  Piano (K. 355)},
  journal       = {Computer Music Journal},
  year          = {1966},
  volume        = {10},
  number        = {1},
  file          = {843298.pdf}
}

@Article{         palmer69:analysis,
  author        = {David Beach AND Donald Mintz AND Robert Palmer},
  title         = {Analysis Symposium: Beethoven: Sonata, Op. 53},
  journal       = {Computer Music Journal},
  year          = {1969},
  volume        = {13},
  number        = {2},
  file          = {842986.pdf}
}

@Article{         parks76:voice,
  author        = {Richard S. Parks},
  title         = {Voice Leading and Chromatic Harmony in the Music of
                  Chopin},
  journal       = {Computer Music Journal},
  year          = {1976},
  volume        = {20},
  number        = {2},
  file          = {843684.pdf}
}

@Article{         peake63:psycho-acoustical,
  author        = {Fritz Winckel AND Louise Eitel Peake},
  title         = {The Psycho-Acoustical Analysis of Structure as Applied to
                  Electronic Music},
  journal       = {Computer Music Journal},
  year          = {1963},
  volume        = {7},
  number        = {2},
  file          = {843109.pdf}
}

@Article{         pearsall99:mind,
  author        = {Edward Pearsall},
  title         = {Mind and Music: On Intentionality, Music Theory, and
                  Analysis},
  journal       = {Computer Music Journal},
  year          = {1999},
  volume        = {43},
  number        = {2},
  file          = {3090661.pdf}
}

@Article{         peck02:composite,
  author        = {Robert Peck},
  title         = {Composite Interval Cycle Sets, Their Relations, and
                  Applications},
  journal       = {Computer Music Journal},
  year          = {2002},
  volume        = {46},
  number        = {1/2},
  file          = {4147680.pdf}
}

@Article{         pedersen65:mel,
  author        = {Paul Pedersen},
  title         = {The Mel Scale},
  journal       = {Computer Music Journal},
  year          = {1965},
  volume        = {9},
  number        = {2},
  file          = {843164.pdf}
}

@Article{         pikler66:history,
  author        = {Andrew G. Pikler},
  title         = {History of Experiments on the Musical Interval Sense},
  journal       = {Computer Music Journal},
  year          = {1966},
  volume        = {10},
  number        = {1},
  file          = {843299.pdf}
}

@Article{         pikler66:mels,
  author        = {Andrew G. Pikler},
  title         = {Mels and Musical Intervals},
  journal       = {Computer Music Journal},
  year          = {1966},
  volume        = {10},
  number        = {2},
  file          = {843245.pdf}
}

@Article{         planchart60:study,
  author        = {Alejandro Enrique Planchart},
  title         = {A Study of the Theories of Giuseppe Tartini},
  journal       = {Computer Music Journal},
  year          = {1960},
  volume        = {4},
  number        = {1},
  file          = {843046.pdf}
}

@Article{         plato74:musical,
  author        = {Ernest G. Mcclain AND Plato},
  title         = {Musical "Marriages" in Plato's "Republic"},
  journal       = {Computer Music Journal},
  year          = {1974},
  volume        = {18},
  number        = {2},
  file          = {843638.pdf}
}

@Article{         poland63:theories,
  author        = {William Poland},
  title         = {Theories of Music and Musical Behavior},
  journal       = {Computer Music Journal},
  year          = {1963},
  volume        = {7},
  number        = {2},
  file          = {843107.pdf}
}

@Article{         polansky80:temporal,
  author        = {James Tenney AND Larry Polansky},
  title         = {Temporal Gestalt Perception in Music},
  journal       = {Computer Music Journal},
  year          = {1980},
  volume        = {24},
  number        = {2},
  file          = {843503.pdf}
}

@Article{         polansky93:letter,
  author        = {Larry Polansky},
  title         = {Letter to the Editor},
  journal       = {Computer Music Journal},
  year          = {1993},
  volume        = {37},
  number        = {1},
  file          = {843951.pdf}
}

@Article{         powell79:fibonacci,
  author        = {Newman W. Powell},
  title         = {Fibonacci and the Gold Mean: Rabbits, Rumbas, and
                  Rondeaux},
  journal       = {Computer Music Journal},
  year          = {1979},
  volume        = {23},
  number        = {2},
  file          = {843726.pdf}
}

@Article{         quantz87:manner,
  author        = {Stephen E. Hefling AND Johann Joachim Quantz},
  title         = {"Of the Manner of Playing the Adagio": Structural Levels
                  and Performance Practice in Quantz's "Versuch"},
  journal       = {Computer Music Journal},
  year          = {1987},
  volume        = {31},
  number        = {2},
  file          = {843708.pdf}
}

@Article{         rahn91:coordination,
  author        = {Jay Rahn},
  title         = {Coordination of Interval Sizes in Seven-Tone Collections},
  journal       = {Computer Music Journal},
  year          = {1991},
  volume        = {35},
  number        = {1/2},
  file          = {843809.pdf}
}

@Article{         rajagopalan64:style,
  author        = {Gift Siromoney AND K. R. Rajagopalan},
  title         = {Style as Information in Karnatic Music},
  journal       = {Computer Music Journal},
  year          = {1964},
  volume        = {8},
  number        = {2},
  file          = {843082.pdf}
}

@Article{         rameau77:real,
  author        = {Cecil Powell Grant AND Kirnberger AND Jean-Philippe
                  Rameau},
  title         = {The Real Relationship between Kirnberger's and Rameau's
                  "Concept of the Fundamental Bass"},
  journal       = {Computer Music Journal},
  year          = {1977},
  volume        = {21},
  number        = {2},
  file          = {843493.pdf}
}

@Article{         rameau80:principle,
  author        = {Jonathan W. Bernard AND Jean-Philippe Rameau},
  title         = {The Principle and the Elements: Rameau's "Controversy with
                  d'Alembert"},
  journal       = {Computer Music Journal},
  year          = {1980},
  volume        = {24},
  number        = {1},
  file          = {843738.pdf}
}

@Article{         rameau87:eighteenth-century,
  author        = {Thomas Christensen AND Jean-Philippe Rameau},
  title         = {Eighteenth-Century Science and the "Corps Sonore:" The
                  Scientific Background to Rameau's "Principle of Harmony"},
  journal       = {Computer Music Journal},
  year          = {1987},
  volume        = {31},
  number        = {1},
  file          = {843545.pdf}
}

@Article{         rapoport93:structural,
  author        = {Paul Rapoport},
  title         = {The Structural Relationships of Fifths and Thirds in Equal
                  Temperaments},
  journal       = {Computer Music Journal},
  year          = {1993},
  volume        = {37},
  number        = {2},
  file          = {843787.pdf}
}

@Article{         read65:some,
  author        = {Gardner Read},
  title         = {Some Problems of Rhythmic Notation},
  journal       = {Computer Music Journal},
  year          = {1965},
  volume        = {9},
  number        = {1},
  file          = {843152.pdf}
}

@Article{         regeber77:fortes,
  author        = {David Lewin AND Forte AND Regeber},
  title         = {Forte's "Interval Vector, My Interval Function", and
                  Regener's "Common-Note Function"},
  journal       = {Computer Music Journal},
  year          = {1977},
  volume        = {21},
  number        = {2},
  file          = {843489.pdf}
}

@Article{         regener75:number,
  author        = {Eric Regener},
  title         = {The Number Seven in the Theory of Intonation},
  journal       = {Computer Music Journal},
  year          = {1975},
  volume        = {19},
  number        = {1},
  file          = {843753.pdf}
}

@Article{         reger91:max,
  author        = {Daniel Harrison AND Max Reger},
  title         = {Max Reger's Motivic Technique: Harmonic Innovations at the
                  Borders of Atonality},
  journal       = {Computer Music Journal},
  year          = {1991},
  volume        = {35},
  number        = {1/2},
  file          = {843810.pdf}
}

@Article{         ricks61:letters,
  author        = {Robert W. Ricks},
  title         = {Letters to the Editor},
  journal       = {Computer Music Journal},
  year          = {1961},
  volume        = {5},
  number        = {2},
  file          = {843238.pdf}
}

@Article{         riemann89:riemanns,
  author        = {Ivan F. Waldbauer AND Hugo Riemann},
  title         = {Riemann's Periodization Revisited and Revised},
  journal       = {Computer Music Journal},
  year          = {1989},
  volume        = {33},
  number        = {2},
  file          = {843797.pdf}
}

@Article{         riemann92:ideas,
  author        = {Hugo Riemann},
  title         = {Ideas for a Study "On the Imagination of Tone"},
  journal       = {Computer Music Journal},
  year          = {1992},
  volume        = {36},
  number        = {1},
  file          = {843911.pdf}
}

@Article{         riemann92:riemanns,
  author        = {Robert W. Wason AND Elizabeth West Marvin AND Hugo
                  Riemann},
  title         = {Riemann's "Ideen zu Einer 'Lehre von den Tonvorstellungen'
                  ": An Annotated Translation},
  journal       = {Computer Music Journal},
  year          = {1992},
  volume        = {36},
  number        = {1},
  file          = {843910.pdf}
}

@Article{         ries00:musical,
  author        = {Hugibert Ries},
  title         = {Musical Logic. A Contribution to the Theory of Music},
  journal       = {Computer Music Journal},
  year          = {2000},
  volume        = {44},
  number        = {1},
  file          = {3090671.pdf}
}

@Article{         rink93:schenker,
  author        = {John Rink},
  title         = {Schenker and Improvisation},
  journal       = {Computer Music Journal},
  year          = {1993},
  volume        = {37},
  number        = {1},
  file          = {843943.pdf}
}

@Article{         rivera78:isagoge,
  author        = {Benito V. Rivera},
  title         = {The "Isagoge" (1581) of Johannes Avianius: An Early
                  Formulation of Triadic Theory},
  journal       = {Computer Music Journal},
  year          = {1978},
  volume        = {22},
  number        = {1},
  file          = {843627.pdf}
}

@Article{         rochberg59:harmonic,
  author        = {George Rochberg},
  title         = {The Harmonic Tendency of the Hexachord},
  journal       = {Computer Music Journal},
  year          = {1959},
  volume        = {3},
  number        = {2},
  file          = {842851.pdf}
}

@Article{         rodman98:musical,
  author        = {Justin London AND Ronald Rodman},
  title         = {Musical Genre and Schenkerian Analysis},
  journal       = {Computer Music Journal},
  year          = {1998},
  volume        = {42},
  number        = {1},
  file          = {843854.pdf}
}

@Article{         roeder95:calculus,
  author        = {John Roeder},
  title         = {A Calculus of Accent},
  journal       = {Computer Music Journal},
  year          = {1995},
  volume        = {39},
  number        = {1},
  file          = {843897.pdf}
}

@Article{         roig-francolí94:modal,
  author        = {Miguel A. Roig-Francolí},
  title         = {Modal Paradigms in Mid-Sixteenth-Century Spanish
                  Instrumental Composition: Theory and Practice in Antonio de
                  Cabezón and Tomás de Santa María},
  journal       = {Computer Music Journal},
  year          = {1994},
  volume        = {38},
  number        = {2},
  file          = {843774.pdf}
}

@Article{         rothfarb92:hermeneutics,
  author        = {Lee A. Rothfarb},
  title         = {Hermeneutics and Energetics: Analytical Alternatives in
                  the Early 1900s},
  journal       = {Computer Music Journal},
  year          = {1992},
  volume        = {36},
  number        = {1},
  file          = {843909.pdf}
}

@Article{         rothgeb66:some,
  author        = {John Rothgeb},
  title         = {Some Uses of Mathematical Concepts in Theories of Music},
  journal       = {Computer Music Journal},
  year          = {1966},
  volume        = {10},
  number        = {2},
  file          = {843242.pdf}
}

@Article{         rothgeb67:some,
  author        = {John Rothgeb},
  title         = {Some Ordering Relationships in the Twelve-Tone System},
  journal       = {Computer Music Journal},
  year          = {1967},
  volume        = {11},
  number        = {2},
  file          = {843066.pdf}
}

@Article{         rothgeb69:another,
  author        = {John Rothgeb},
  title         = {Another View on Schubert's Moment Musical, Op. 94/1},
  journal       = {Computer Music Journal},
  year          = {1969},
  volume        = {13},
  number        = {1},
  file          = {843217.pdf}
}

@Article{         rothgeb71:design,
  author        = {John Rothgeb},
  title         = {Design as a Key to Structure in Tonal Music},
  journal       = {Computer Music Journal},
  year          = {1971},
  volume        = {15},
  number        = {1/2},
  file          = {842902.pdf}
}

@Article{         rothgeb75:strict,
  author        = {John Rothgeb},
  title         = {Strict Counterpoint and Tonal Theory},
  journal       = {Computer Music Journal},
  year          = {1975},
  volume        = {19},
  number        = {2},
  file          = {843591.pdf}
}

@Article{         rothstein03:letter,
  author        = {William Rothstein},
  title         = {Letter to the Editor: A Reply to Brian Hyer},
  journal       = {Computer Music Journal},
  year          = {2003},
  volume        = {47},
  number        = {1},
  file          = {30041087.pdf}
}

@Article{         rousseau89:grammar,
  author        = {John Spitzer AND Jean Rousseau},
  title         = {Grammar of Improvised Ornamentation: Jean Rousseau's Viol
                  Treatise of 1687},
  journal       = {Computer Music Journal},
  year          = {1989},
  volume        = {33},
  number        = {2},
  file          = {843796.pdf}
}

@Article{         rowell79:aristoxenus,
  author        = {Lewis Rowell},
  title         = {Aristoxenus on Rhythm},
  journal       = {Computer Music Journal},
  year          = {1979},
  volume        = {23},
  number        = {1},
  file          = {843694.pdf}
}

@Article{         rowell81:early,
  author        = {Lewis Rowell},
  title         = {Early Indian Musical Speculation and the Theory of
                  Melody},
  journal       = {Computer Music Journal},
  year          = {1981},
  volume        = {25},
  number        = {2},
  file          = {843650.pdf}
}

@Article{         rupprecht96:tonal,
  author        = {Philip Rupprecht},
  title         = {Tonal Stratification and Uncertainty in Britten's Music},
  journal       = {Computer Music Journal},
  year          = {1996},
  volume        = {40},
  number        = {2},
  file          = {843891.pdf}
}

@Article{         sandresky81:golden,
  author        = {Margaret Vardell Sandresky},
  title         = {The Golden Section in Three Byzantine Motets of Dufay},
  journal       = {Computer Music Journal},
  year          = {1981},
  volume        = {25},
  number        = {2},
  file          = {843653.pdf}
}

@Article{         sarath96:look,
  author        = {Ed Sarath},
  title         = {A New Look at Improvisation},
  journal       = {Computer Music Journal},
  year          = {1996},
  volume        = {40},
  number        = {1},
  file          = {843921.pdf}
}

@Article{         saslaw96:forces,
  author        = {Janna Saslaw},
  title         = {Forces, Containers, and Paths: The Role of Body-Derived
                  Image Schemas in the Conceptualization of Music},
  journal       = {Computer Music Journal},
  year          = {1996},
  volume        = {40},
  number        = {2},
  file          = {843889.pdf}
}

@Article{         schachter68:analysis,
  author        = {Matt Hughes AND Lawrence Moss AND Carl Schachter},
  title         = {Analysis Symposium: Moments Musicals, Op. 94. Franz
                  Schubert},
  journal       = {Computer Music Journal},
  year          = {1968},
  volume        = {12},
  number        = {2},
  file          = {843311.pdf}
}

@Article{         schachter69:more,
  author        = {Carl Schachter},
  title         = {More about Schubert's Op. 94/1},
  journal       = {Computer Music Journal},
  year          = {1969},
  volume        = {13},
  number        = {2},
  file          = {842987.pdf}
}

@Article{         schaeffer63:electronic,
  author        = {Myron Schaeffer},
  title         = {The Electronic Music Studio of the University of Toronto},
  journal       = {Computer Music Journal},
  year          = {1963},
  volume        = {7},
  number        = {1},
  file          = {843022.pdf}
}

@Article{         schenker78:schenkers,
  author        = {Charles Burkhart AND Heinrich Schenker},
  title         = {Schenker's "Motivic Parallelisms"},
  journal       = {Computer Music Journal},
  year          = {1978},
  volume        = {22},
  number        = {2},
  file          = {843395.pdf}
}

@Article{         schenker83:schenkers,
  author        = {Robert Wason AND Schenker},
  title         = {Schenker's "Notion of Scale-Step in Historical
                  Perspective: Non-Essential Harmonies in Viennese
                  Fundamental Bass Theory"},
  journal       = {Computer Music Journal},
  year          = {1983},
  volume        = {27},
  number        = {1},
  file          = {843560.pdf}
}

@Article{         schenker86:diatonic,
  author        = {Matthew Brown AND Schenker},
  title         = {The Diatonic and the Chromatic in Schenker's "Theory of
                  Harmonic Relations"},
  journal       = {Computer Music Journal},
  year          = {1986},
  volume        = {30},
  number        = {1},
  file          = {843407.pdf}
}

@Article{         schenker89:origins,
  author        = {Allan Keiler AND Schenker},
  title         = {The Origins of Schenker's Thought: How Man Is Musical},
  journal       = {Computer Music Journal},
  year          = {1989},
  volume        = {33},
  number        = {2},
  file          = {843795.pdf}
}

@Article{         schenker90:when,
  author        = {Joseph Dubiel AND Schenker},
  title         = {"When You are a Beethoven": Kinds of Rules in Schenker's
                  "Counterpoint"},
  journal       = {Computer Music Journal},
  year          = {1990},
  volume        = {34},
  number        = {2},
  file          = {843840.pdf}
}

@Article{         schenker92:schenkers,
  author        = {Allen Cadwallader AND William Pastille AND Schenker},
  title         = {Schenker's High-Level Motives},
  journal       = {Computer Music Journal},
  year          = {1992},
  volume        = {36},
  number        = {1},
  file          = {843912.pdf}
}

@Article{         schmidt62:development,
  author        = {David Krae Henbuehl AND Christopher Schmidt},
  title         = {On the Development of Musical Systems},
  journal       = {Computer Music Journal},
  year          = {1962},
  volume        = {6},
  number        = {1},
  file          = {843258.pdf}
}

@Article{         schoenber82:line,
  author        = {Bryan R. Simms AND Schoenber},
  title         = {Line and Harmony in the Sketches of Schoenberg's
                  "Seraphita" Op. 22, No. 1},
  journal       = {Computer Music Journal},
  year          = {1982},
  volume        = {26},
  number        = {2},
  file          = {843424.pdf}
}

@Article{         schoenberg80:roots,
  author        = {Martha MacLean Hyde AND Schoenberg},
  title         = {The Roots of Form in Schoenberg's "Sketches"},
  journal       = {Computer Music Journal},
  year          = {1980},
  volume        = {24},
  number        = {1},
  file          = {843737.pdf}
}

@Article{         schoenberg84:isomorphic,
  author        = {Ethan Haimo AND Paul Johnson AND Schoenberg},
  title         = {Isomorphic Partitioning and Schoenberg's "Fourth String
                  Quartet"},
  journal       = {Computer Music Journal},
  year          = {1984},
  volume        = {28},
  number        = {1},
  file          = {843450.pdf}
}

@Article{         schoenberg85:methodology,
  author        = {Michael L. Friedmann AND Schoenberg},
  title         = {A Methodology for the Discussion of Contour: Its
                  Application to Schoenberg's Music},
  journal       = {Computer Music Journal},
  year          = {1985},
  volume        = {29},
  number        = {2},
  file          = {843614.pdf}
}

@Article{         schoenberg85:musical,
  author        = {Martha M. Hyde AND Schoenberg},
  title         = {Musical Form and the Development of Schoenberg's
                  "Twelve-Tone Method"},
  journal       = {Computer Music Journal},
  year          = {1985},
  volume        = {29},
  number        = {1},
  file          = {843372.pdf}
}

@Article{         schoenberg89:harmonic,
  author        = {John Roeder AND Schoenberg},
  title         = {Harmonic Implications of Schoenberg's "Observations of
                  Atonal Voice Leading"},
  journal       = {Computer Music Journal},
  year          = {1989},
  volume        = {33},
  number        = {1},
  file          = {843664.pdf}
}

@Article{         schoenberg92:concepts,
  author        = {Allen Forte AND Schoenberg},
  title         = {Concepts of Linearity in Schoenberg's Atonal Music: A
                  Study of the Opus 15 Song Cycle},
  journal       = {Computer Music Journal},
  year          = {1992},
  volume        = {36},
  number        = {2},
  file          = {843934.pdf}
}

@Article{         schubert75:interval,
  author        = {Rosemary N. Killam AND Paul V. Lorton AND Jr. AND Earl D.
                  Schubert},
  title         = {Interval Recognition: Identification of Harmonic and
                  Melodic Intervals},
  journal       = {Computer Music Journal},
  year          = {1975},
  volume        = {19},
  number        = {2},
  file          = {843589.pdf}
}

@Article{         schubert91:fourteen-mode,
  author        = {Peter N. Schubert},
  title         = {The Fourteen-Mode System of Illuminato Aiguino},
  journal       = {Computer Music Journal},
  year          = {1991},
  volume        = {35},
  number        = {1/2},
  file          = {843812.pdf}
}

@Article{         schubert98:modal,
  author        = {David W. Beach AND Franz Schubert},
  title         = {Modal Mixture and Schubert's Harmonic Practice},
  journal       = {Computer Music Journal},
  year          = {1998},
  volume        = {42},
  number        = {1},
  file          = {843853.pdf}
}

@Article{         seay57:proportionale,
  author        = {Johannes Tinctoris AND Albert Seay},
  title         = {The "Proportionale Musices" of Johannes Tinctoris},
  journal       = {Computer Music Journal},
  year          = {1957},
  volume        = {1},
  number        = {1},
  file          = {843090.pdf}
}

@Article{         seay65:expositio,
  author        = {Albert Seay},
  title         = {The Expositio Manus of Johannes Tinctoris},
  journal       = {Computer Music Journal},
  year          = {1965},
  volume        = {9},
  number        = {2},
  file          = {843161.pdf}
}

@Article{         seay71:french,
  author        = {Albert Seay},
  title         = {French Renaissance Theory and Jean Yssandon},
  journal       = {Computer Music Journal},
  year          = {1971},
  volume        = {15},
  number        = {1/2},
  file          = {842903.pdf}
}

@Article{         semmens84:Étienne,
  author        = {Richard Semmens},
  title         = {Étienne Loulié and the New Harmonic Counterpoint},
  journal       = {Computer Music Journal},
  year          = {1984},
  volume        = {28},
  number        = {1},
  file          = {843451.pdf}
}

@Article{         serwer70:marpurg,
  author        = {Howard Serwer},
  title         = {Marpurg versus Kirnberger: Theories of Fugal Composition},
  journal       = {Computer Music Journal},
  year          = {1970},
  volume        = {14},
  number        = {2},
  file          = {842967.pdf}
}

@Article{         sevier76:johann,
  author        = {Zay V. David Sevier},
  title         = {Johann Georg Ahle on Voice Leading and Dissonance},
  journal       = {Computer Music Journal},
  year          = {1976},
  volume        = {20},
  number        = {1},
  file          = {843605.pdf}
}

@Article{         shackford61:some,
  author        = {Charles Shackford},
  title         = {Some Aspects of Perception. I: Sizes of Harmonic Intervals
                  in Performance},
  journal       = {Computer Music Journal},
  year          = {1961},
  volume        = {5},
  number        = {2},
  file          = {843224.pdf}
}

@Article{         shackford62:some,
  author        = {Charles Shackford},
  title         = {Some Aspects of Perception. II: Interval Sizes and Tonal
                  Dynamics in Performance},
  journal       = {Computer Music Journal},
  year          = {1962},
  volume        = {6},
  number        = {1},
  file          = {843259.pdf}
}

@Article{         sheldon82:ninth,
  author        = {David A. Sheldon},
  title         = {The Ninth Chord in German Theory},
  journal       = {Computer Music Journal},
  year          = {1982},
  volume        = {26},
  number        = {1},
  file          = {843355.pdf}
}

@Article{         shirlaw60:science,
  author        = {Matthew Shirlaw},
  title         = {The Science of Harmony: The Harmonic Generation of
                  Chords},
  journal       = {Computer Music Journal},
  year          = {1960},
  volume        = {4},
  number        = {1},
  file          = {843044.pdf}
}

@Article{         simms75:choron,
  author        = {Bryan Simms},
  title         = { Choron, Fétis, and the Theory of Tonality },
  journal       = {Computer Music Journal},
  year          = {1975},
  volume        = {19},
  number        = {1},
  file          = {843752.pdf}
}

@Article{         slawson69:speech-oriented,
  author        = {Wayne Slawson},
  title         = {A Speech-Oriented Synthesizer of Computer Music},
  journal       = {Computer Music Journal},
  year          = {1969},
  volume        = {13},
  number        = {1},
  file          = {843216.pdf}
}

@Article{         sly01:schuberts,
  author        = {Gordon Sly},
  title         = {Schubert's Innovations in Sonata Form: Compositional Logic
                  and Structural Interpretation},
  journal       = {Computer Music Journal},
  year          = {2001},
  volume        = {45},
  number        = {1},
  file          = {3090650.pdf}
}

@Article{         smith00:outer-voice,
  author        = {Peter H. Smith},
  title         = {Outer-Voice Conflicts: Their Analytical Challenges and
                  Artistic Consequences},
  journal       = {Computer Music Journal},
  year          = {2000},
  volume        = {44},
  number        = {1},
  file          = {3090668.pdf}
}

@Article{         smith73:editing,
  author        = {Leland Smith},
  title         = {Editing and Printing Music by Computer},
  journal       = {Computer Music Journal},
  year          = {1973},
  volume        = {17},
  number        = {2},
  file          = {843345.pdf}
}

@Article{         smith73:letters,
  author        = {Leland Smith},
  title         = {Letters},
  journal       = {Computer Music Journal},
  year          = {1973},
  volume        = {17},
  number        = {1},
  file          = {843125.pdf}
}

@Article{         smith95:structural,
  author        = {Peter H. Smith},
  title         = {Structural Tonic or Apparent Tonic?: Parametric Conflict,
                  Temporal Perspective, and a Continuum of Articulative
                  Possibilities},
  journal       = {Computer Music Journal},
  year          = {1995},
  volume        = {39},
  number        = {2},
  file          = {843968.pdf}
}

@Article{         smither64:rhythmic,
  author        = {Howard E. Smither},
  title         = {The Rhythmic Analysis of 20th-Century Music},
  journal       = {Computer Music Journal},
  year          = {1964},
  volume        = {8},
  number        = {1},
  file          = {842973.pdf}
}

@Article{         smoliar74:process,
  author        = {Stephen W. Smoliar},
  title         = {Process Structuring and Music Theory},
  journal       = {Computer Music Journal},
  year          = {1974},
  volume        = {18},
  number        = {2},
  file          = {843640.pdf}
}

@Article{         smoliar76:music,
  author        = {Stephen W. Smoliar},
  title         = {Music Programs: An Approach to Music Theory through
                  Computational Linguistics},
  journal       = {Computer Music Journal},
  year          = {1976},
  volume        = {20},
  number        = {1},
  file          = {843606.pdf}
}

@Article{         smyth99:schenkers,
  author        = {David Smyth},
  title         = {Schenker's Octave Lines Reconsidered},
  journal       = {Computer Music Journal},
  year          = {1999},
  volume        = {43},
  number        = {1},
  file          = {3090691.pdf}
}

@Article{         soderberg95:z-related,
  author        = {Stephen Soderberg},
  title         = {Z-Related Sets as Dual Inversions},
  journal       = {Computer Music Journal},
  year          = {1995},
  volume        = {39},
  number        = {1},
  file          = {843899.pdf}
}

@Article{         soderberg98:t-hex,
  author        = {Stephen Soderberg},
  title         = {The T-Hex Constellation},
  journal       = {Computer Music Journal},
  year          = {1998},
  volume        = {42},
  number        = {2},
  file          = {843874.pdf}
}

@Article{         starr74:structure,
  author        = {Robert Morris AND Daniel Starr},
  title         = {The Structure of All-Interval Series},
  journal       = {Computer Music Journal},
  year          = {1974},
  volume        = {18},
  number        = {2},
  file          = {843642.pdf}
}

@Article{         starr78:sets,
  author        = {Daniel Starr},
  title         = {Sets, Invariance and Partitions},
  journal       = {Computer Music Journal},
  year          = {1978},
  volume        = {22},
  number        = {1},
  file          = {843626.pdf}
}

@Article{         stein80:letter,
  author        = {Deborah Stein},
  title         = {Letter to the Editor},
  journal       = {Computer Music Journal},
  year          = {1980},
  volume        = {24},
  number        = {1},
  file          = {843743.pdf}
}

@Article{         stein83:expansion,
  author        = {Deborah Stein},
  title         = {The Expansion of the Subdominant in the Late Nineteenth
                  Century},
  journal       = {Computer Music Journal},
  year          = {1983},
  volume        = {27},
  number        = {2},
  file          = {843513.pdf}
}

@Article{         steinbach98:parsimonious,
  author        = {Jack Douthett AND Peter Steinbach},
  title         = {Parsimonious Graphs: A Study in Parsimony, Contextual
                  Transformations, and Modes of Limited Transposition},
  journal       = {Computer Music Journal},
  year          = {1998},
  volume        = {42},
  number        = {2},
  file          = {843877.pdf}
}

@Article{         steinmayer85:bacchius,
  author        = {Bacchius Geron AND Otto Steinmayer},
  title         = {Bacchius Geron's "Introduction to the Art of Music"},
  journal       = {Computer Music Journal},
  year          = {1985},
  volume        = {29},
  number        = {2},
  file          = {843616.pdf}
}

@Article{         straus87:problem,
  author        = {Joseph N. Straus},
  title         = {The Problem of Prolongation in Post-Tonal Music},
  journal       = {Computer Music Journal},
  year          = {1987},
  volume        = {31},
  number        = {1},
  file          = {843544.pdf}
}

@Article{         straus97:response,
  author        = {Joseph N. Straus},
  title         = {Response to Larson},
  journal       = {Computer Music Journal},
  year          = {1997},
  volume        = {41},
  number        = {1},
  file          = {843764.pdf}
}

@Article{         stravinsky82:stravinskys,
  author        = {Joseph Straus AND Stravinsky},
  title         = {Stravinsky's "Tonal Axis"},
  journal       = {Computer Music Journal},
  year          = {1982},
  volume        = {26},
  number        = {2},
  file          = {843423.pdf}
}

@Article{         suurpaa00:path,
  author        = {Lauri Suurpää},
  title         = {The Path from Tonic to Dominant in the Second Movement of
                  Schubert's String Quintet and in Chopin's Fourth Ballade},
  journal       = {Computer Music Journal},
  year          = {2000},
  volume        = {44},
  number        = {2},
  file          = {3090683.pdf}
}

@Article{         swift60:letters,
  author        = {Richard G. Swift},
  title         = {Letters to the Editor},
  journal       = {Computer Music Journal},
  year          = {1960},
  volume        = {4},
  number        = {1},
  file          = {843063.pdf}
}

@Article{         taavola00:segmentation,
  author        = {David S. Lefkowitz AND Kristin Taavola},
  title         = {Segmentation in Music: Generalizing a Piece-Sensitive
                  Approach},
  journal       = {Computer Music Journal},
  year          = {2000},
  volume        = {44},
  number        = {1},
  file          = {3090673.pdf}
}

@Article{         teitelbaum65:intervallic,
  author        = {Richard Teitelbaum},
  title         = {Intervallic Relations in Atonal Music},
  journal       = {Computer Music Journal},
  year          = {1965},
  volume        = {9},
  number        = {1},
  file          = {843150.pdf}
}

@Article{         temperley03:end-accented,
  author        = {David Temperley},
  title         = {End-Accented Phrases: An Analytical Exploration},
  journal       = {Computer Music Journal},
  year          = {2003},
  volume        = {47},
  number        = {1},
  file          = {30041085.pdf}
}

@Article{         tenney63:sound-generation,
  author        = {James C. Tenney},
  title         = {Sound-Generation by means of a Digital Computer},
  journal       = {Computer Music Journal},
  year          = {1963},
  volume        = {7},
  number        = {1},
  file          = {843021.pdf}
}

@Article{         thomson58:problem,
  author        = {William Thomson},
  title         = {The Problem of Tonality in Pre-Baroque and Primitive
                  Music},
  journal       = {Computer Music Journal},
  year          = {1958},
  volume        = {2},
  number        = {1},
  file          = {842929.pdf}
}

@Article{         thomson65:hindemiths,
  author        = {William Thomson},
  title         = {Hindemith's Contribution to Music Theory},
  journal       = {Computer Music Journal},
  year          = {1965},
  volume        = {9},
  number        = {1},
  file          = {843149.pdf}
}

@Article{         thomson70:style,
  author        = {William Thomson},
  title         = {Style Analysis: Or the Perils of Pigeonholes},
  journal       = {Computer Music Journal},
  year          = {1970},
  volume        = {14},
  number        = {2},
  file          = {842966.pdf}
}

@Article{         thym79:true,
  author        = {Johann Philipp Kirnberger AND David W. Beach AND Jurgen
                  Thym},
  title         = {The True Principles for the Practice of Harmony},
  journal       = {Computer Music Journal},
  year          = {1979},
  volume        = {23},
  number        = {2},
  file          = {843725.pdf}
}

@Article{         tischler73:musica,
  author        = {Hans Tischler},
  title         = {Musica Ficta in the Parisian Organa},
  journal       = {Computer Music Journal},
  year          = {1973},
  volume        = {17},
  number        = {2},
  file          = {843346.pdf}
}

@Article{         tolkoff73:french,
  author        = {Lyn Tolkoff},
  title         = {French Modal Theory before Rameau},
  journal       = {Computer Music Journal},
  year          = {1973},
  volume        = {17},
  number        = {1},
  file          = {843121.pdf}
}

@Article{         toorn84:letter,
  author        = {Pieter C. van den Toorn},
  title         = {Letter to the Editor},
  journal       = {Computer Music Journal},
  year          = {1984},
  volume        = {28},
  number        = {2},
  file          = {843539.pdf}
}

@Article{         toorn89:what,
  author        = {Pieter C. van den Toorn},
  title         = {What Price Analysis?},
  journal       = {Computer Music Journal},
  year          = {1989},
  volume        = {33},
  number        = {1},
  file          = {843671.pdf}
}

@Article{         travis59:towards,
  author        = {Roy Travis},
  title         = {Towards a New Concept of Tonality?},
  journal       = {Computer Music Journal},
  year          = {1959},
  volume        = {3},
  number        = {2},
  file          = {842853.pdf}
}

@Article{         travis74:analysis,
  author        = {Allen Forte AND Roy Travis},
  title         = {Analysis Symposium: Webern, Orchestral Pieces (1913):
                  Movement I ("Bewegt")},
  journal       = {Computer Music Journal},
  year          = {1974},
  volume        = {18},
  number        = {1},
  file          = {843129.pdf}
}

@Article{         travis90:letter,
  author        = {Roy Travis},
  title         = {Letter to the Editor},
  journal       = {Computer Music Journal},
  year          = {1990},
  volume        = {34},
  number        = {2},
  file          = {843846.pdf}
}

@Article{         truax76:otto,
  author        = {Barry Truax},
  title         = {For Otto Laske: A Communicational Approach to Computer
                  Sound Programs},
  journal       = {Computer Music Journal},
  year          = {1976},
  volume        = {20},
  number        = {2},
  file          = {843686.pdf}
}

@Article{         turrell59:isagoge,
  author        = {Henry Glarean AND Frances Berry Turrell},
  title         = {The "Isagoge in Musicen" of Henry Glarean},
  journal       = {Computer Music Journal},
  year          = {1959},
  volume        = {3},
  number        = {1},
  file          = {843003.pdf}
}

@Article{vaisala02:prolongation,
  author =       {Olli Väisälä},
  title =        {Prolongation of Harmonies Related to the Harmonic Series in Early Post-Tonal Music},
  journal =      {Computer Music Journal},
  year =         2002,
  volume =       46,
  number =       {1/2},
  file =         {4147681.pdf},
}

@Article{         vicenti-and-henry-w-kaufmann61:vicentinos,
  author        = {Don Niccola Vicentino di Vicenti AND Henry W. Kaufmann},
  title         = {Vicentino's Arciorgano; An Annotated Translation},
  journal       = {Computer Music Journal},
  year          = {1961},
  volume        = {5},
  number        = {1},
  file          = {842869.pdf}
}

@Article{         vitry-and-leo-plantinga61:philippe,
  author        = {Philippe de Vitry AND Leo Plantinga},
  title         = {Philippe de Vitry's "Ars Nova": A Translation},
  journal       = {Computer Music Journal},
  year          = {1961},
  volume        = {5},
  number        = {2},
  file          = {843225.pdf}
}

@Article{         webern79:anton,
  author        = {Richard Chrisman AND Anton Webern},
  title         = {Anton Webern's "Six Bagatelles for String Quartet," Op. 9:
                  The Unfolding of Intervallic Successions},
  journal       = {Computer Music Journal},
  year          = {1979},
  volume        = {23},
  number        = {1},
  file          = {843695.pdf}
}

@Article{         webern84:aggregate-derived,
  author        = {Paul Kabbash AND Webern},
  title         = {Aggregate-Derived Symmetry in Webern's "Early Works"},
  journal       = {Computer Music Journal},
  year          = {1984},
  volume        = {28},
  number        = {2},
  file          = {843533.pdf}
}

@Article{         weich-shahak93:family,
  author        = {Judith Etzion AND Susana Weich-Shahak},
  title         = {"Family Resemblances" and Variability in the Sephardic
                  Romancero: A Methodological Approach to Variantal
                  Comparison},
  journal       = {Computer Music Journal},
  year          = {1993},
  volume        = {37},
  number        = {2},
  file          = {843785.pdf}
}

@Article{         weinland69:electronic,
  author        = {John David Weinland},
  title         = {An Electronic Music Primer},
  journal       = {Computer Music Journal},
  year          = {1969},
  volume        = {13},
  number        = {2},
  file          = {842989.pdf}
}

@Article{         whitney03:schoenbergs,
  author        = {Kathryn Whitney},
  title         = {Schoenberg's "Single Second of Maximum Spiritual
                  Excitement": Compression and Expansion in "Erwartung", Op.
                  17},
  journal       = {Computer Music Journal},
  year          = {2003},
  volume        = {47},
  number        = {1},
  file          = {30041086.pdf}
}

@Article{         wienpahl60:evolutionary,
  author        = {Robert W. Wienpahl},
  title         = {The Evolutionary Significance of 15th Century Cadential
                  Formulae},
  journal       = {Computer Music Journal},
  year          = {1960},
  volume        = {4},
  number        = {2},
  file          = {843178.pdf}
}

@Article{         winograd68:linguistics,
  author        = {Terry Winograd},
  title         = {Linguistics and the Computer Analysis of Tonal Harmony},
  journal       = {Computer Music Journal},
  year          = {1968},
  volume        = {12},
  number        = {1},
  file          = {842885.pdf}
}

@Article{         yeston75:rubato,
  author        = {Maury Yeston},
  title         = {Rubato and the Middleground},
  journal       = {Computer Music Journal},
  year          = {1975},
  volume        = {19},
  number        = {2},
  file          = {843592.pdf}
}

@Article{         yeston80:passing,
  author        = {Maury Yeston},
  title         = {[The Passing of William G. Waite]},
  journal       = {Computer Music Journal},
  year          = {1980},
  volume        = {24},
  number        = {1},
  file          = {843736.pdf}
}

@Article{         youngblood58:style,
  author        = {Joseph E. Youngblood},
  title         = {Style as Information},
  journal       = {Computer Music Journal},
  year          = {1958},
  volume        = {2},
  number        = {1},
  file          = {842928.pdf}
}

@Article{         zbikowski97:conceptual,
  author        = {Lawrence M. Zbikowski},
  title         = {Conceptual Models and Cross-Domain Mapping: New
                  Perspectives on Theories of Music and Hierarchy},
  journal       = {Computer Music Journal},
  year          = {1997},
  volume        = {41},
  number        = {2},
  file          = {843958.pdf}
}
