@comment {material publicado}

@STRING{cma     = "The Computer Music Association" }
@STRING{jnmr = "Journal of New Music Research"}
@STRING{jasa = "Journal of the Acoustical Society of America"}
@STRING{jaes = "Journal of the Engineering Society"}
@STRING{cmj     = "Computer Music Journal" }
@STRING{mp      = "Music Perception" }
@STRING{pm      = "Psychology of Music" }
@STRING{jmt     = "Journal of Music Theory" }
@STRING{jrme    = "Journal of Research in Music Education"}
@STRING{pnm     = "Perspectives of New Music" }
@STRING{cmr     = "Contemporary Music Review" }
@STRING{icmc    = "International Computer Music Conference" }
@STRING{mit     = "The MIT Press" }
@STRING{proc    = "Proceedings of the" }
@STRING{groveol = "The New Grove Dictionary of Music and Musicians On-line" }

@comment {falta Resumos publicados em anais de congressos}

@Article{kroger08:managing,
  author =       {Pedro Kröger},
  title =        {Managing Csound Compositions with {GNU} {M}ake},
  journal =      {Csound Journal},
  year =         2008,
  volume =    1,
  number =    8,
  url =          {http://www.csounds.com/journal/issue8/csoundGNUMake.html}}

@InProceedings{kroger07:programacao,
  author = 	 {Pedro Kröger},
  title = 	 {Programação avançada em Common Lisp: Linguagens de Domínio Específico e Meta-programação},
  booktitle = {Proceedings of the XI Brazilian Symposium on Programming Languages},
  pages = 	 {207-225},
  year = 	 2007}


@InProceedings{kroger06:processo,
  author = 	 {Pedro Kröger and Marcos di Silva and Givaldo de Cidra},
  title = 	 {O processo de desenvolvimento de uma codificação para definir estruturas musicais},
  booktitle = {Anais do XVI Congresso da ANPPOM},
  year = 	 2006}


@InProceedings{kroger05a:desenvolvimento,
  author = 	 {Pedro Kröger},
  title = 	 {Desenvolvimento e implementação de uma linguagem de descrição de alto-nível, extensível e conectável, para composição musical com sistemas de afinação},
  booktitle = {Anais do XV Congresso da ANPPOM},
  year = 	 2005}

@InProceedings{kroger05b:desenvolvimento,
  author = 	 {Pedro Kröger},
  title = 	 {Desenvolvimento e implementação de uma linguagem de descrição de alto-nível, extensível e conectável, para composição musical com sistemas de afinação},
  booktitle = {Proceedings of the 10th Brazilian Symposium on Computer Music},
  pages = 	 {307-310},
  year = 	 2005}

@TechReport{kroger04:temperamentos,
  author =       {Pedro Kröger},
  title =        {Desenvolvimento e implementação de uma linguagem de descrição
  de alto-nível, extensível e conectável, para composição musical com
  sistemas de afinação},
language = {brazil},
  institution =  {Conselho Nacional de Desenvolvimento Científico e Tecnológico},
  year =         2004
}

@PhdThesis{kroger04:desenvolvendo,
  author       = {Pedro Kröger},
  title        = {Desenvolvendo uma meta-linguagem para síntese sonora},
  school       = {Federal University at Bahia, Brazil},
  year         = 2004,
  language     = {brazil}
}

@InProceedings{kroeger04a:csoundxml,
  author = 	 {Pedro Kröger},
  title = 	 {CsoundXML: a meta-language in {XML} for sound synthesis},
  booktitle =	 proc # " 2004 " # icmc,
  year =	 2004,
  address = 	 {San Francisco},
  publisher =	 cma,
}

@InProceedings{kroeger04b:csoundxml,
  author = 	 {Pedro Kröger},
  title = 	 {CsoundXML: a meta-language in {XML} for sound synthesis},
  booktitle =	 {Proceedings of the 5th International Conference on Music Information Retrieval},
  year =	 2004,
}

@InProceedings{kroger03:mega-intruments,
  author       = {Pedro Kröger},
  title        = {Definindo Mega-instrumentos com XML},
  booktitle    = {Anais do XIV Congresso da ANPPOM},
  year         = 2003
}

@InProceedings{kroger03a:events,
  author = 	 {Pedro Kröger},
  title = 	 {From the concept of sections to events in Csound},
  booktitle =	 proc # " 2003 " # icmc,
  pages =	 {},
  year =	 2003,
  address = 	 {San Francisco},
  publisher =	 cma
}

@InProceedings{kroger03b:events,
  author = 	 {Pedro Kröger},
  title = 	 {From the concept of sections to events in Csound},
  booktitle =	 {Anais do XV Congresso da ANPPOM},
  pages =	 {},
  year =	 2003,
}

@incollection{kroger00:allegro,
  author       = {Pedro Kröger},
  booktitle    = {Compositores da Bahia},
  title        = {Introdução e Allegro, para conjunto de câmara},
  year         = 2000,
  publisher    = {Escola de Música da UFBA}
}

@incollection{kroger00:amore,
  author       = {Pedro Kröger},
  booktitle    = {Compositores da Bahia},
  title        = {Amore et Dolore, para clarinete solo},
  year         = 2000,
  publisher    = {Escola de Música da UFBA}
}

@incollection{kroger00:crepusculo,
  author       = {Pedro Kröger},
  booktitle    = {Clarineta Solo},
  title        = {Ao Crepúsculo},
  year         = 2000,
  publisher    = {ABCL, Associação brasileira de Clarinetistas}
}


@incollection{kroger00:cancoes,
  author       = {Pedro Kröger},
  booktitle    = {Compositores da Bahia},
  title        = {Canções à Meia-noite, para voz, clarinete e piano},
  year         = 2000,
  publisher    = {Escola de Música da UFBA}
}

@InProceedings{kroger00:organizando,
  author       = {Pedro Kröger},
  title        = {Organizando instrumentos do Csound usando macros},
  booktitle    = {IIIa Conferencia Iberoamericana de Investigacion
                  Musical},
  pages        = {153--157},
  year         = 2000,
  editor       = {Silvia Malbrán and Favio Shifres},
  month        = oct,
}

@incollection{kroger00:sinfonia,
  author       = {Pedro Kröger},
  booktitle    = {Compositores da Bahia},
  title        = {Sinfonia em um Movimento},
  year         = 2000,
  publisher    = {Escola de Música da UFBA}
}

@InCollection{kroger01:exortacao,
  author       = {Pedro Kröger},
  title        = {Comentários Analíticos de Exortação Agonica de Milton Gomes},
  editor = 	 {Pablo Sotuyo},
  url = 	 {http://www.mhccufba.ufba.br/},
  publisher    = {Universidade Federal da Bahia},
  year         = 2001,
  booktitle = 	 {Milton Gomes: Exortação Agônica},
  pages = 	 {23--30},
  volume = 	 5,
  series = 	 {Marcos Históricos da Composição Contemporânea na
                  UFBA}}

@InCollection{kroger01:amore2,
  author       = {Pedro Kröger},
  title        = {Amore et Dolore II},
  booktitle    = {Música Eletro-acústica na Bahia},
  year         = 2001,
  note         = {CD com obras eletroacústicas editado pelo Programa
                  de Pós-Graduação em Música da UFBA}
}

@InCollection{kroger01:spiritus,
  author       = {Pedro Kröger},
  title        = {Spiritus ubi vult spirat},
  booktitle    = {Música Eletro-acústica na Bahia},
  year         = 2001,
  note         = {CD com obras eletroacústicas editado pelo Programa
                  de Pós-Graduação em Música da UFBA}
}

@incollection{kroger94:burocracia,
  author       = {Pedro Kröger},
  editor       = {Pedro Kröger},
  booktitle    = {A Música de Jamary Oliveira: Estudos Analíticos},
  title        = {Burocracia: uma visão geral},
  year         = 1994,
  publisher    = {Porto Alegre: setor gráfico do CPG-música/UFRGS},
  annote       = {Análise da composição Burocracia de Jamary Oliveira,
                  na edição comemorativa dos 50 anos do compositor,
                  juntamente com análises e/ou textos de Cristina
                  Gerlling, Ricardo Tacuchian, Ilza Nogueira, Ricardo
                  Bordini, Dimitri Cervo, Jamary Oliveira, Alda
                  Oliveira, Manoel Veiga, e Conceição Perrone.}
}

@article{kroger98:expressionismo,
  author       = {Pedro Kröger},
  title        = {Expressionismo musical não-serialista},
  journal      = {Urucungo: Periódico on-line de música},
  year         = 1998,
  url          = {http://www.urucungo.com.br/artigos/kroger/kroger1.htm}
}

@book{kroger98:valsa,
  author       = {Pedro Kröger},
  title        = {Valsa e Choro, Para banda sinfônica},
  year         = 1998,
  publisher    = {Escola de Música Villa-Lobos}
}

@article{kroger99:centricidade,
  author       = {Pedro Kröger},
  title        = {Centricidade e outros procedimentos na {\it
                  Fantasia} de Wellington Gomes},
  journal      = {Anais do XI Encontro Nacional da ANPPOM},
  pages = 	 {150-155},
  year         = 1999
}

@article{kroger99:procedimentos,
  author       = {Pedro Kröger},
  title        = {Procedimentos Composicionais no Rudepodema de
                  Villa-Lobos},
  journal      = {Ictus, Periódico do Programa de Pós-Graduação em
                  Música da UFBA},
  year         = 1999,
  pages = 	 {151-164},
  volume = 	 {1}
}
