@comment {material publicado}

@STRING{cma     = "The Computer Music Association" }
@STRING{jnmr = "Journal of New Music Research"}
@STRING{jasa = "Journal of the Acoustical Society of America"}
@STRING{jaes = "Journal of the Engineering Society"}
@STRING{cmj     = "Computer Music Journal" }
@STRING{mp      = "Music Perception" }
@STRING{pm      = "Psychology of Music" }
@STRING{jmt     = "Journal of Music Theory" }
@STRING{jrme    = "Journal of Research in Music Education"}
@STRING{pnm     = "Perspectives of New Music" }
@STRING{cmr     = "Contemporary Music Review" }
@STRING{icmc    = "International Computer Music Conference" }
@STRING{mit     = "The MIT Press" }
@STRING{proc    = "Proceedings of the" }
@STRING{groveol = "The New Grove Dictionary of Music and Musicians On-line" }

@InProceedings{kroger08a:rameau,
  author =       {Pedro Kröger and Alexandre Passos and Marcos Sampaio and Givaldo de Cidra},
  title =        {Rameau: A System for Automatic Harmonic Analysis},
  note = {To appear in the Proceedings of the 2008 International
                  Computer Music Conference},
  year =      2008}

@InProceedings{kroger08:musicologia,
  author =       {Pedro Kröger and Alexandre Passos and Marcos Sampaio and Givaldo de Cidra},
  title =        {Musicologia computacional aplicada à análise dos corais de Bach [Computational musicology applied to the analysis of Bach's Chorales]},
  note = {To appear in the Proceedings of the XVIII ANPPOM congress},
  year =      2008}

@Article{kroger08:managing,
  author =       {Pedro Kröger},
  title =        {Managing Csound Compositions with {GNU} {M}ake},
  journal =      {Csound Journal},
  year =         2008,
  volume =    1,
  number =    8,
  url =          {http://www.csounds.com/journal/issue8/csoundGNUMake.html}}

@InProceedings{kroger07:programacao,
  author = 	 {Pedro Kröger},
  title = 	 {Programação avançada em Common Lisp: Linguagens de
                  Domínio Específico e Meta-programação [Advanced
                  programming in Common Lisp: specific domain
                  languages and meta-programming]},
  booktitle = {Proceedings of the XI Brazilian Symposium on Programming Languages},
  pages = 	 {207-225},
  year = 	 2007}


@InProceedings{kroger06:processo,
  author = 	 {Pedro Kröger and Marcos di Silva and Givaldo de Cidra},
  title = 	 {O processo de desenvolvimento de uma codificação
                  para definir estruturas musicais [The process of
                  developing a codification for musical structures]},
  booktitle = {Anais do XVI Congresso da ANPPOM},
  year = 	 2006}


@InProceedings{kroger05a:desenvolvimento,
  author = 	 {Pedro Kröger},
  title = 	 {Desenvolvimento e implementação de uma linguagem de
                  descrição de alto-nível, extensível e conectável,
                  para composição musical com sistemas de afinação
                  [The development and implementation of a high-level
                  and extensible description language for musical
                  composition with tuning systems]},
  booktitle = {Anais do XV Congresso da ANPPOM},
  year = 	 2005}

@InProceedings{kroger05b:desenvolvimento,
  author = 	 {Pedro Kröger},
  title = 	 {Desenvolvimento e implementação de uma linguagem de
                  descrição de alto-nível, extensível e conectável,
                  para composição musical com sistemas de afinação
                  [The development and implementation of a high-level
                  and extensible description language for musical
                  composition with tuning systems]},
  booktitle = {Proceedings of the 10th Brazilian Symposium on Computer Music},
  pages = 	 {307-310},
  year = 	 2005}

@PhdThesis{kroger04:desenvolvendo,
  author       = {Pedro Kröger},
  title        = {Desenvolvendo uma meta-linguagem para síntese sonora
                  [Developing a meta-language for sound synthesis]},
  school       = {Federal University at Bahia, Brazil},
  year         = 2004,
  language     = {brazil}
}

@InProceedings{kroeger04a:csoundxml,
  author = 	 {Pedro Kröger},
  title = 	 {CsoundXML: a meta-language in {XML} for sound synthesis},
  booktitle =	 proc # " 2004 " # icmc,
  year =	 2004,
  address = 	 {San Francisco},
  publisher =	 cma,
}

@InProceedings{kroger03:mega-intruments,
  author       = {Pedro Kröger},
  title        = {Definindo Mega-instrumentos com XML [Defining
                  Mega-instruments with {XML}]},
  booktitle    = {Anais do XIV Congresso da ANPPOM},
  year         = 2003
}

@InProceedings{kroger03a:events,
  author = 	 {Pedro Kröger},
  title = 	 {From the concept of sections to events in Csound},
  booktitle =	 proc # " 2003 " # icmc,
  pages =	 {},
  year =	 2003,
  address = 	 {San Francisco},
  publisher =	 cma
}

@InProceedings{kroger03b:events,
  author = 	 {Pedro Kröger},
  title = 	 {From the concept of sections to events in Csound},
  booktitle =	 {Anais do XV Congresso da ANPPOM},
  pages =	 {},
  year =	 2003,
}

@InProceedings{kroger00:organizando,
  author       = {Pedro Kröger},
  title        = {Organizando instrumentos do Csound usando macros
                  [Organazing csound instruments using macros]},
  booktitle    = {IIIa Conferencia Iberoamericana de Investigacion
                  Musical},
  pages        = {153--157},
  year         = 2000,
  editor       = {Silvia Malbrán and Favio Shifres},
  month        = oct,
}

@InCollection{kroger01:exortacao,
  author       = {Pedro Kröger},
  title        = {Comentários Analíticos de Exortação Agonica de
                  Milton Gomes [An analysis of Milton Gomes's
                  Exortação Agonica]},
  editor = 	 {Pablo Sotuyo},
  url = 	 {http://www.mhccufba.ufba.br/},
  publisher    = {Universidade Federal da Bahia},
  year         = 2001,
  booktitle = 	 {Milton Gomes: Exortação Agônica},
  pages = 	 {23--30},
  volume = 	 5,
  series = 	 {Marcos Históricos da Composição Contemporânea na
                  UFBA}}

@incollection{kroger94:burocracia,
  author       = {Pedro Kröger},
  editor       = {Pedro Kröger},
  booktitle    = {A Música de Jamary Oliveira: Estudos Analíticos},
  title        = {Burocracia: uma visão geral [An analysis of Jamary Oliveira's Burocracia]},
  year         = 1994,
  publisher    = {Porto Alegre: setor gráfico do CPG-música/UFRGS},
  annote       = {Análise da composição Burocracia de Jamary Oliveira,
                  na edição comemorativa dos 50 anos do compositor,
                  juntamente com análises e/ou textos de Cristina
                  Gerlling, Ricardo Tacuchian, Ilza Nogueira, Ricardo
                  Bordini, Dimitri Cervo, Jamary Oliveira, Alda
                  Oliveira, Manoel Veiga, e Conceição Perrone.}
}

@article{kroger98:expressionismo,
  author       = {Pedro Kröger},
  title        = {Expressionismo musical não-serialista [The non-serial expressionism]},
  journal      = {Urucungo: Periódico on-line de música},
  year         = 1998,
  url          = {http://www.urucungo.com.br/artigos/kroger/kroger1.htm}
}

@article{kroger99:centricidade,
  author       = {Pedro Kröger},
  title        = {Centricidade e outros procedimentos na Fantasia de Wellington Gomes},
  journal      = {Anais do XI Encontro Nacional da ANPPOM},
  pages = 	 {150-155},
  year         = 1999
}

@article{kroger99:procedimentos,
  author       = {Pedro Kröger},
  title        = {Procedimentos Composicionais no Rudepodema de
                  Villa-Lobos [compositional procedures in Villa-lobos's Rudepoema]},
  journal      = {Ictus, Periódico do Programa de Pós-Graduação em
                  Música da UFBA},
  year         = 1999,
  pages = 	 {151-164},
  volume = 	 {1}
}
