@Comment sub Manual por MailingList

@List{gogins00:sml,
  author = 	 {Michael Gogins},
  title = 	 {Re: {SML} (Synthesis Modelling Language)},
  month = 	 {Jan},
  year = 	 2000,
  listname =     {MPEG-4 Structured Audio Mailing List },
  listserver =   {saol-dev@media.mit.edu},
  lastacces =    {2002-11-10},     
}

@List{maldonado03:zak,
  author = 	 {Gabriel Maldonado},
  title = 	 {Re: [Csnd] Zak bugs?},
  day =          8,
  month = 	 Jul,
  year = 	 2003,
  listname =     {Csound Mailing List},
  listserver =   {csound@lists.bath.ac.uk},
  lastacces =    {2003-11-30},
}

@List{perry00:csnd,
  author = 	 {David Perry},
  title = 	 {[Csnd] Idea for feature (long)},
  posting = 	 {Mailing list 14 Fevereiro},
  year = 	 2000,
  listname =     {Csound Mailing List},
  listserver =   {csound@lists.bath.ac.uk},
  lastacces =    {2002-11-29},
}

@List{scheirer00:sml,
  author = 	 {Eric Scheirer},
  title = 	 {Re: {SML} (Synthesis Modelling Language)},
  posting = 	 {Mailing list 19 Janeiro},
  year = 	 2000,
  listname =     {MPEG-4 Structured Audio Mailing List },
  listserver =   {saol-dev@media.mit.edu},
  lastacces =    {2002-11-10},     
}

@List{schiettecatte00:sml,
  author = 	 {Bert Schiettecatte},
  title = 	 {{SML} (Synthesis Modelling Language)},
  posting = 	 {Mailing list 19 Janeiro},
  year = 	 2000,
  listname =     {MPEG-4 Structured Audio Mailing List },
  listserver =   {saol-dev@media.mit.edu},
  lastacces =    {2002-11-10},     
}

@List{whittle03:zak,
  author = 	 {Robin Whittle},
  title = 	 {Re: [Csnd] Zak bugs?},
  posting = 	 {Mailing list 7 Julho},
  year = 	 2003,
  listname =     {Csound Mailing List},
  listserver =   {csound@lists.bath.ac.uk},
  lastacces =    {2003-11-30},
}
