
@Book{		  courant.ea96:what,
  author	= {Richard Courant and Herbert Robbins},
  title		= {What is mathematics?: an elementary approach to ideas and
		  methods},
  publisher	= {Oxford University Press},
  year		= 1996,
  address	= {New York},
  edition	= {2.ed},
  isbn		= {0-19-510519-2},
  keywords	= {mathematics}
}
