
@Misc{            adams,
  author        = {Ricci Adams},
  title         = {Musictheory.net},
  howpublished  = {Disponível em \url{musictheory.net}},
  year          = {s.d.}
}

@Book{            aldwell.ea89:harmony,
  title         = {Harmony and voice leading},
  publisher     = {Harcourt Brace Jovanovich},
  year          = {1989},
  author        = {Edward Aldwell and Carl Schachter},
  address       = {San Diego}
}

@Article{         archibald72:some,
  author        = {Bruce Archibald},
  title         = {Some Thoughts on Symmetry in Early Webern: Op. 5, No. 2},
  journal       = {Perspectives of New Music},
  year          = 1972,
  volume        = 10,
  number        = 2,
  pages         = {159--163},
  doi           = {10.2307/832341}
}

@Article{         babbitt61:set,
  author        = {Milton Babbitt},
  title         = {Set Structure as a Compositional Determinant},
  journal       = {Journal of Music Theory},
  year          = {1961},
  volume        = {5},
  pages         = {72--94},
  number        = {1},
  publisher     = {JSTOR}
}

@Article{         babbitt60:twelve-tone,
  author        = {Milton Babbitt},
  title         = {Twelve-Tone Invariants as Compositional Determinants},
  journal       = {The Musical Quarterly},
  year          = {1960},
  volume        = {46},
  pages         = {246--259},
  number        = {2},
  publisher     = {JSTOR}
}

@Misc{            bordini,
  author        = {Ricardo Bordini},
  title         = {Departamento de Composição, Literatura e Estruturação
                  Musical. Materiais Didáticos},
  howpublished  = {Disponível em
                  \url{www.clem.ufba.br/materiais-didaticos.html}},
  year          = {s.d.}
}

@PhDThesis{       bordini03:teoria,
  author        = {Ricardo Mazzini Bordini},
  title         = {A teoria pós-tonal e o processador de classes de notas
                  aplicados à composição musical: um tutorial},
  school        = {Universidade Federal da Bahia. Escola de Música},
  year          = {2003},
  type          = {Tese (doutorado)},
  address       = {Salvador},
  abstract      = {Este trabalho tem por objeto a elaboração de um Tutorial
                  utilizando recursos de hipertexto para vincular: 1)
                  conceitos e definições da Teoria Pós-tonal, 2) as
                  operações do Processador de Classes de Notas (PCN) do Dr.
                  Jamary Oliveira, e 3) exercícios de composição. Essa
                  integração permite ao usuário transferir o conhecimento
                  entre as duas primeiras seções e aplicar o aprendizado na
                  terceira. O Capítulo 1 aborda as questões referentes à
                  estrutura formal do trabalho e os aspectos técnicos
                  envolvidos em sua realização. O Capítulo 2 apresenta um
                  breve histórico da geração da Teoria, detalhes da
                  documentação do PCN, e comentários sobre a tradução do
                  livro: Introduction to Post-Tonal Theory, do Dr. Joseph N.
                  Straus, tradução essa que autorizada pelo autor vai em
                  anexo. Esse capítulo motiva o Apêndice 1, o qual contém
                  dados estatísticos sobre as obras mais utilizadas como
                  exemplo para tópicos da Teoria. O Capítulo 3 compreende
                  basicamente as questões relativas ao Tutorial e remete-se
                  a três apêndices: o Apêndice 2, que lista acrônimos
                  ligados à XML (linguagem de marcação utilizada no
                  Tutorial); o Apêndice 3, que inclui a documentação do
                  XML Schema e a codificação em XML do Tutorial; e o
                  Apêndice 4, que traz a composição musical originada da
                  resolução dos exercícios. Finalmente, o Capítulo 4
                  contém a conclusão do trabalho. Há também um CD anexo
                  contendo o Tutorial, a documentação do Schema em formato
                  HTML, e uma gravação digital da composição.},
  annote        = {Orientador: Jamary Oliveira},
  citeseerurl   = {http://www.ufba.br/tedesimples/tde_busca/arquivo.php?codArquivo=277
                  http://www.ufba.br/tedesimples/tde_busca/arquivo.php?codArquivo=278}
                  ,
  file          = {bordini03:teoria-a.pdf}
                  
}

@Book{            forte73:structure,
  title         = {The Structure of Atonal Music},
  publisher     = {Yale University Press},
  year          = {1973},
  author        = {Allen Forte},
  address       = {New Haven},
  isbn          = {300016107}
}

@Book{            forte79:tonal,
  title         = {Tonal harmony in concept and practice},
  publisher     = {Holt Rinehart and Winston},
  year          = {1979},
  author        = {Allen Forte},
  address       = {New York}
}

@Book{            gauldin97:harmonic,
  title         = {Harmonic practice in tonal music},
  publisher     = {W.W. Norton},
  year          = {1997},
  author        = {Robert Gauldin},
  pages         = {xxii, 680},
  address       = {New York},
  annote        = {http://purl.dlib.indiana.edu/iudl/variations/sound/AHA3291}
                  
}

@Book{            gauldin05:harmonic,
  title         = {Harmonic practice in tonal music},
  publisher     = {W.W. Norton},
  year          = {2005},
  author        = {Robert Gauldin},
  address       = {New York},
  edition       = {2th}
}

@Book{            green79:form,
  title         = {Form in tonal music: an introduction to analysis},
  publisher     = {Holt Rinehart and Winston},
  year          = {1979},
  author        = {Douglass M. Green},
  address       = {New York}
}

@Article{         kabbash84:aggregate-derived,
  author        = {Paul Kabbash},
  title         = {Aggregate-Derived Symmetry in Webern's "Early Works"},
  journal       = {Journal of Music Theory},
  year          = 1984,
  volume        = 28,
  number        = 2,
  pages         = {225--250},
  doi           = {10.2307/843533}
}

@Book{            koechlin46:traité,
  title         = {Traité de l'Harmonie},
  publisher     = {Max Eschig},
  year          = {1946},
  author        = {Charles Koechlin},
  volume        = {3},
  address       = {Paris}
}

@Book{            kohs76:musical,
  title         = {Musical Form: Studies in Analysis and Synthesis},
  publisher     = {Houghton Wifflin},
  year          = {1976},
  author        = {Ellis B Kohs},
  address       = {Boston},
  owner         = {marcos},
  timestamp     = {2007.03.22}
}

@Book{            kostka.ea00:tonal,
  author        = {Stefan M. Kostka and Dorothy Payne},
  title         = {Tonal Harmony, with an introduction to twentieth-century
                  music},
  publisher     = {McGraw-Hill},
  year          = 2000,
  address       = {Boston},
  edition       = {4th}
}

@Book{            kostka.ea00:workbook,
  title         = {Workbook for Tonal harmony, with an introduction to
                  twentieth-century music},
  publisher     = {McGraw-Hill College},
  year          = {2000},
  author        = {Stefan M. Kostka and Dorothy Payne},
  address       = {Boston}
}

@Book{            kostka.ea89:tonal,
  title         = {Tonal harmony, with an introduction to twentieth-century
                  music},
  publisher     = {A.A. Knopf},
  year          = {1989},
  author        = {Stefan M. Kostka and Dorothy Payne and Allan Schindler},
  address       = {New York}
}

@Book{            kostka.ea03:tonal,
  title         = {Tonal harmony, with an introduction to twentieth-century
                  music},
  publisher     = {McGraw-Hill},
  year          = {2003},
  author        = {Stefan M. Kostka and Dorothy Payne and Allan Schindler},
  address       = {Boston},
  edition       = {5th}
}

@Book{            lerdahl.ea83:generative,
  author        = {Fred Lerdahl and Ray Jackendoff},
  title         = {A Generative Theory of Tonal Music},
  publisher     = {MIT Press},
  year          = 1983,
  address       = {Cambridge}
}

@Book{            morris33:figured,
  author        = {Reginald Owen Morris},
  title         = {Figured Harmony at the Keyboard},
  publisher     = {Oxford University Press},
  year          = {1933},
  volume        = {I - Part I},
  address       = {London},
  isbn          = {193214717}
}

@Book{            motte89:armonia,
  author        = {{Diether de la} Motte},
  title         = {Armonia},
  publisher     = {Editorial Labor},
  year          = 1989,
  address       = {Barcelona},
  note          = {Trad. Luis Romano Haces}
}

@Book{            piston59:harmony,
  title         = {Harmony},
  publisher     = {Victon Gollancz Ltd},
  year          = {1959},
  author        = {Walter Piston},
  address       = {London},
  file          = {piston59:harmony.pdf}
}

@Book{            rahn80:basic,
  title         = {Basic Atonal Theory},
  publisher     = {Longman},
  year          = {1980},
  author        = {Rahn, J.}
}

@Book{            réti51:tematic,
  author        = {Rudolph Réti},
  title         = {The tematic Process in music},
  publisher     = {MacMillan},
  year          = 1951,
  address       = {New York}
}

@Book{            straus90:introduction,
  title         = {Introduction to post-tonal theory},
  publisher     = {Prentice Hall},
  year          = {1990},
  author        = {Joseph Nathan Straus},
  address       = {Englewood Cliffs, N.J.},
  isbn          = {136866921}
}

@Book{            wedge30:applied,
  title         = {Applied Harmony: A Text-book},
  publisher     = {G. Schirmer, Inc.},
  year          = {1930},
  author        = {George A. Wedge},
  address       = {New York}
}

@Book{            zamacois48:tratado,
  author        = {Joaquin Zamacois},
  title         = {Tratado de Armonia},
  publisher     = {Editorial Labor},
  year          = 1948,
  volume        = 3,
  address       = {Barcelona}
}
