
@Book{		  abraham79:concise,
  title		= {The concise Oxford history of music},
  publisher	= {Oxford University Press},
  year		= {1979},
  author	= {Gerald Abraham},
  address	= {London and New York},
  cdd		= {780.9 A159},
  keywords	= {music history}
}

@Book{		  adler.ea87:geschichte,
  title		= {Geschichte der Musik: mit zahlreichen Notenbeispielen und
		  Musikbeilagen},
  publisher	= {F.E.C. Leuckart},
  year		= {1887},
  author	= {Adler, Guido and Ambros, August Wilhelm and Nottebohm,
		  Gustav and Sokolowsky, B. von and Becker, Carl Ferdinand
		  and Reimann, Heinrich and Kade, Otto},
  address	= {Leipzig},
  annote	= {von August Wilhelm Ambros.
		  
		  ill., plates, 23 cm
		  
		  Vols. 1 and 5 have also special t.-p.; general title of v.
		  1 varies slightly.
		  
		  The work was never completed; after the author's death, v.
		  4 was edited from the manuscript by G. Nottebohm and C. F.
		  Becker. A continuation by W. Langhans, appeared in 1882-87
		  under the title: Die Geschichte der Musik des 17., 18. und
		  19. Jahrhunderts.
		  
		  1. Bd. Die Musik des griechischen Alterthums und des
		  Orients nach R. Westphal's und F. A. Gevaert's neusten
		  Forschungen dargestellt und berichtigt von B. von
		  Sokolowsky. 3. gänzlich umgearb. Aufl. 1887. --2. Bd. Die
		  Anfänge der europäisch abendländischen Musik. Die
		  Entwickelung des geregelten mehrstimmigen Gesanges. 3.
		  verm. und verb. Aufl. von Heinrich Reimann. 1891. --3. Bd.
		  Die Zeit der Niederländer. Die Musik in Deutschland und
		  England. Die italienische Musik des XV. Jahrh. 3. verb. und
		  mit nachträgen versehene Aufl. von O. Kade. 1893. --4. Bd.
		  Fragment: Palestrina. Die Zeit des Palestrinastyles. Der
		  monodische Styl in Rom. Die Musikreform und der Kampf gegen
		  den Contrapunkt. Die Zeit des Ueberganges. Die Zeit ersten
		  dramatischen Musikwerke. Claudio di Monteverde. Theoretiker
		  und Lehrer. Die italienischen Organisten. 3. verb. Aufl.,
		  hrsg. von Hugo Leichtentritt 1909. --5. Bd. Auserwählte
		  Tonwerke der berühmsten Meister des 15. und 16.
		  Jahrhunderts. Eine Beispielsammlung zu dem dritten Bande
		  der Musikgeschichte von A. W. Ambros nach dessen
		  unvollendet hinterlassenem Notenmaterial mit zahlreichen
		  Vermehrungen hrsg. von O. Kade. 3. unveränderte Aufl.
		  1911.},
  keywords	= {music history}
}

@Book{		  almeida42:historia,
  title		= {História da música brasileira},
  author	= {Renato Almeida},
  year		= {1942},
  publisher	= {F. Briguiet},
  address	= {Rio de Janeiro},
  edition	= {2. ed.},
  keywords	= {music history}
}

@Book{		  austin66:music,
  title		= {Music in the 20th century, from Debussy through
		  Stravinsky},
  publisher	= {W. W. Norton},
  year		= {1966},
  author	= {Austin, William W.},
  series	= {Norton History of Music},
  address	= {New York},
  annote	= {[by] William W. Austin. illus., music, ports. 24 cm.},
  cdd		= {780.904 A938m},
  keywords	= {music history}
}

@Book{		  azevedo56:150,
  title		= {150 Anos de Música no Brasil (1800--1950)},
  publisher	= {José Olympio},
  year		= {1956},
  author	= {{Luiz Heitor Corrêa de} Azevedo},
  address	= {Rio de Janeiro},
  owner		= {marcos},
  file		= {azevedo:150.pdf},
  keywords	= {music history}
}

@Book{		  bourdelot.ea66:histoire,
  title		= {Histoire de la musique et des ses effets},
  publisher	= {Akademische Druck- u. Verlagsanstalt},
  year		= {1966},
  author	= {Pierre Bourdelot and Pierre Bonnet and Jacques Bonnet and
		  Jean Laurent Le Cerf de la Viéville and Othmar Wessely},
  address	= {Graz},
  annote	= {[par] Pierre Bourdelot [et] Pierre Bonnet.
		  Faksimile-Nachdruck der Amsterdamer Ausgabe 1725, hrsg. und
		  mit Registern versehen von Othmar Wessely.
		  
		  18 cm.
		  
		  Begun by the Abbé Bourdelot; continued by his nephew
		  Pierre Bonnet; completed and published by the brother of
		  the latter, Jacques Bonnet.
		  
		  Vols. 2-4 are a reprint of Comparaison de la musique
		  italienne et de la musique françoise by J.L. Le Cerf de La
		  Viéville (Brussels, 1704; new ed. augm. 1705), written in
		  reply to F. Ragenet's Parallile des Italiens et des
		  François en ce que regarde la musique.},
  keywords	= {music history}
}

@Book{		  brown76:music,
  title		= {Music in the Renaissance},
  publisher	= {Prentice-Hall},
  year		= {1976},
  editor	= {H. Wiley Hithcock},
  author	= {Brown, Howard Mayer},
  series	= {Prentice-Hall History of Music Series},
  address	= {Englewood Cliffs, N.J.},
  cdd		= {780.908 B878m},
  keywords	= {music history}
}

@Book{		  bukofzer86:musica,
  title		= {La música en la época barroca: de Monteverdi a Bach},
  publisher	= {Alianza Editorial},
  year		= {1986},
  author	= {Bukofzer, Manfred F.},
  series	= {Norton History of Music},
  address	= {Madrid},
  note		= {Trad. Clara Janés e José María Martín Triana},
  cdd		= {780.9 B959m},
  keywords	= {music history}
}

@Book{		  bukofzer47:music,
  title		= {Music in the baroque era, from Monteverdi to Bach},
  publisher	= {W. W. Norton},
  year		= {1947},
  author	= {Bukofzer, Manfred F.},
  series	= {Norton History of Music},
  address	= {New York},
  keywords	= {music history}
}

@Book{		  burney.ea57:general,
  title		= {A general history of music, from the earliest ages to the
		  present period (1789)},
  publisher	= {Dover Publications},
  year		= {1957},
  author	= {Burney, Charles and Mercer, Frank},
  address	= {New York},
  keywords	= {music history}
}

@Book{		  behague79:music,
  title		= {Music in Latin America, an introduction},
  publisher	= {Prentice-Hall},
  year		= {1979},
  editor	= {H. Wiley Hithcock},
  author	= {Béhague, Gerard},
  series	= {Prentice-Hall History of Music Series},
  address	= {Englewood Cliffs, N. J.},
  edition	= {2 ed.},
  keywords	= {music history}
}

@Book{		  behague83:musica,
  title		= {La música en la America Latina: una introducción},
  publisher	= {Monte Avila Editores},
  year		= {1983},
  author	= {Béhague, Gerard},
  address	= {Caracas, Venezuela},
  edition	= {2 ed.},
  cdd		= {780.908 B419m},
  keywords	= {music history}
}

@Book{		  behague.ea76:music,
  title		= {Music in the Renaissance},
  publisher	= {Prentice-Hall},
  year		= {1976},
  editor	= {H. Wiley Hithcock},
  author	= {Gerard Béhague and Howard Mayer Brown},
  series	= {Prentice-Hall History of Music Series},
  address	= {Englewood Cliffs, N.J.},
  keywords	= {music history}
}

@InCollection{	  carner74:music,
  author	= {Mosco Carner},
  title		= {Music in the mainland of Europe},
  booktitle	= {The modern age, 1890-1960},
  publisher	= {Oxford University Press},
  year		= {1974},
  editor	= {Martin Cooper},
  volume	= {10},
  series	= {The New Oxford History of Music},
  address	= {London and New York},
  annote	= {edited by Martin Cooper.
		  
		  illus. 26 cm.
		  
		  The apogee and decline of Romanticism: 1890-1914: The
		  reaction against Romanticism: 1890-1914 / Gerald Abraham --
		  Stage works: 1890-1918 / Martin Cooper -- Music in the
		  mainland of Europe: 1918-1939 / Mosco Carner -- Music of
		  the European mainstream: 1940-1960 / Peter Evans -- Music
		  in Britain: 1918-1960 / Arthur Hutchings -- American music:
		  1918-1960: Music in the United States / Richard Franko
		  Goldman -- Music in Latin America / Gerard Béhague --
		  Music in the Soviet Union / Gerald Abraham.},
  cdd		= {780.9 N532 v10},
  keywords	= {music history}
}

@Book{		  chailley64:40,
  title		= {40,000 years of music; man in search of music},
  publisher	= {Macdonald},
  year		= {1964},
  author	= {Chailley, Jacques},
  address	= {London},
  keywords	= {music history}
}

@InCollection{	  cooper74:stage,
  author	= {Martin Cooper},
  title		= {Stage Works: 1890--1918},
  booktitle	= {The modern age, 1890-1960},
  publisher	= {Oxford University Press},
  year		= {1974},
  editor	= {Martin Cooper},
  volume	= {10},
  series	= {The New Oxford History of Music},
  address	= {London and New York},
  annote	= {edited by Martin Cooper.
		  
		  illus. 26 cm.
		  
		  The apogee and decline of Romanticism: 1890-1914: The
		  reaction against Romanticism: 1890-1914 / Gerald Abraham --
		  Stage works: 1890-1918 / Martin Cooper -- Music in the
		  mainland of Europe: 1918-1939 / Mosco Carner -- Music of
		  the European mainstream: 1940-1960 / Peter Evans -- Music
		  in Britain: 1918-1960 / Arthur Hutchings -- American music:
		  1918-1960: Music in the United States / Richard Franko
		  Goldman -- Music in Latin America / Gerard Béhague --
		  Music in the Soviet Union / Gerald Abraham.},
  cdd		= {780.9 N532 v10},
  keywords	= {music history}
}

@Book{		  crocker66:history,
  title		= {A history of musical style},
  publisher	= {McGraw-Hill Book Co.},
  year		= {1966},
  author	= {Crocker, Richard L.},
  address	= {New York},
  keywords	= {music history}
}

@Book{		  dahlhaus84:neues,
  title		= {Neues Handbuch der Musikwissenschaft},
  publisher	= {Akademische Verlagsgesellschaft Athenaion e
		  
		  Laaber-Verlag Müller-Buscher},
  year		= {1984},
  editor	= {Hans Oesch},
  author	= {Dahlhaus, Carl},
  volume	= {8},
  cdd		= {780.908 029a},
  keywords	= {music history}
}

@Book{		  della-corte.ea44:storia,
  title		= {Storia della musica},
  publisher	= {Unione tipografico-editrice torinese},
  year		= {1944},
  author	= {Della Corte, Andrea and Pannain, Guido},
  address	= {Torino},
  cdd		= {780.9 D357h},
  keywords	= {music history}
}

@Book{		  downs92:classical,
  title		= {Classical music: the era of Haydn, Mozart, and Beethoven},
  publisher	= {W.W. Norton},
  year		= {1992},
  author	= {Downs, Philip G.},
  series	= {Norton Introduction to Music History},
  address	= {New York},
  keywords	= {music history}
}

@Book{		  duckles.ea97:music,
  title		= {Music reference and research materials: an annotated
		  bibliography},
  publisher	= {Schirmer Books},
  year		= {1997},
  author	= {Vincent H. Duckles and Ida Reed and Samuel Adler and
		  Michael A. Keller},
  address	= {New York},
  annote	= {Vincent H. Duckles, Ida Reed; Michael A. Keller, advisory
		  editor ; indexed by Linda Solow Blotner.
		  
		  25 cm.
		  
		  Includes index.
		  
		  ch. 1. Dictionaries and encyclopedias -- ch. 2. Histories
		  and chronologies -- ch. 3. Guides to musicology -- ch. 4.
		  Bibliographies of music literature -- ch. 5. Bibliographies
		  of music -- ch. 6. Reference works on individual composers
		  and their music -- ch. 7. Catalogs of music libraries and
		  collections -- ch. 8. Catalogs of musical instrument
		  collections -- ch. 9. Histories and bibliographies of music
		  printing and publishing -- ch. 10. Discographies and
		  related sources -- ch. 11. Yearbooks, directories, and
		  guides -- ch. 12. Electronic information resources -- ch.
		  13. Bibliography, the music business, and library
		  science.},
  keywords	= {music history}
}

@Book{		  einstein85:musica,
  title		= {La música en la época romántica},
  publisher	= {Alianza Editorial},
  year		= {1985},
  author	= {Einstein, Alfred},
  series	= {Norton History of Music},
  address	= {Madrid},
  note		= {Trad. Elena Giménez},
  keywords	= {music history}
}

@Book{		  einstein53:geschichte,
  title		= {Geschichte der Musik: Vinden Anfangen Biszurgegenwart},
  publisher	= {Panverlag},
  year		= {1953},
  author	= {Einstein, Alfred},
  address	= {Zürich e Stuttgart},
  cdd		= {780.9 E35g},
  keywords	= {music history}
}

@Book{		  einstein47:music,
  title		= {Music in the romantic era},
  publisher	= {W. W. Norton \& company inc.},
  year		= {1947},
  author	= {Einstein, Alfred},
  series	= {Norton History of Music},
  address	= {New York},
  keywords	= {music history}
}

@Book{		  einstein47:short,
  title		= {A short history of music},
  publisher	= {A. A. Knopf},
  year		= {1947},
  author	= {Einstein, Alfred},
  address	= {New York},
  cdd		= {780.9 E35m},
  keywords	= {music history}
}

@InCollection{	  evans74:music,
  author	= {Peter Evans},
  title		= {Music of the european mainstream: 1940--1960},
  booktitle	= {The modern age, 1890-1960},
  publisher	= {Oxford University Press},
  year		= {1974},
  editor	= {Martin Cooper},
  volume	= {10},
  series	= {The New Oxford History of Music},
  address	= {London and New York},
  annote	= {edited by Martin Cooper.
		  
		  illus. 26 cm.
		  
		  The apogee and decline of Romanticism: 1890-1914: The
		  reaction against Romanticism: 1890-1914 / Gerald Abraham --
		  Stage works: 1890-1918 / Martin Cooper -- Music in the
		  mainland of Europe: 1918-1939 / Mosco Carner -- Music of
		  the European mainstream: 1940-1960 / Peter Evans -- Music
		  in Britain: 1918-1960 / Arthur Hutchings -- American music:
		  1918-1960: Music in the United States / Richard Franko
		  Goldman -- Music in Latin America / Gerard Béhague --
		  Music in the Soviet Union / Gerald Abraham.},
  cdd		= {780.9 N532 v10},
  keywords	= {music history}
}

@Book{		  grout.ea94:historia,
  title		= {História da Música Ocidental},
  publisher	= {Gradiva},
  year		= {1994},
  author	= {Donald Grout and Claude Palisca},
  address	= {Lisboa},
  annote	= {Trad. Ana Luísa Faria},
  file		= {grout.ea94:historia.pdf},
  keywords	= {music history}
}

@Book{		  grout.ea80:history,
  title		= {A history of western music},
  publisher	= {Norton},
  year		= {1980},
  author	= {Donald Jay Grout and Claude V. Palisca},
  address	= {New York},
  edition	= {3. ed.},
  keywords	= {music history}
}

@Book{		  gruber60:vseobshchaia,
  title		= {Vseobshchaia istoriia muzykal'noi kul'turyi},
  publisher	= {Gosudarstvennoe muszykal'noe izdatel'stvo},
  year		= {1960},
  author	= {Gruber, Roman Il ich},
  address	= {Moskva},
  keywords	= {music history}
}

@Book{		  handschin48:musikgeschichte,
  title		= {Musikgeschichte im Überblick},
  publisher	= {Räber},
  year		= {1948},
  author	= {Handschin, Jacques},
  address	= {Luzern},
  keywords	= {music history}
}

@Book{		  harman.ea77:man,
  title		= {Man and his music: the story of musical experience in the
		  West},
  publisher	= {Barrie and Jenkins},
  year		= {1977},
  author	= {Harman, Alec and Milner, Anthony and Mellers, Wilfrid
		  Howard},
  address	= {London},
  keywords	= {music history}
}

@Book{		  hawkins.ea69:general,
  title		= {A general history of the science and practice of music},
  publisher	= {Akademische Druck- u. Verlagsanstalt},
  year		= {1969},
  author	= {Hawkins, John and Wessely, Othmar},
  address	= {Graz},
  keywords	= {music history}
}

@Book{		  hitchcock74:music,
  title		= {Music in the United States; a historical introduction},
  publisher	= {Prentice-Hall},
  year		= {1974},
  editor	= {H. Wiley Hithcock},
  author	= {Hitchcock, H. Wiley},
  series	= {Prentice-Hall History of Music Series},
  address	= {Englewood Cliffs, N.J.},
  cdd		= {780.908 H626m},
  isbn		= {0-13-608398-6},
  keywords	= {music history}
}

@Book{		  hoppin78:medieval,
  title		= {Medieval music},
  publisher	= {W. W. Norton},
  year		= {1978},
  author	= {Hoppin, Richard H.},
  series	= {Norton Introduction to Music History},
  address	= {New York},
  keywords	= {music history}
}

@Book{		  kerman87:musicologia,
  author	= {Joseph Kerman},
  title		= {Musicologia},
  publisher	= {Martins Fontes},
  year		= 1987,
  address	= {São Paulo},
  note		= {Trad. Álvaro Cabral},
  keywords	= {music history}
}

@Book{		  la-fage44:histoire,
  title		= {Histoire générale de la musique et de la danse},
  publisher	= {Au comptoir des Imprimeurs unis},
  year		= {1844},
  author	= {J. Adrien de La Fage},
  address	= {Paris},
  keywords	= {music history}
}

@Book{		  laborde80:essai,
  title		= {Essai sur la musique ancienne et moderne},
  publisher	= {Impr. de P.-D. Pierres et se vend chez E. Onfroy},
  year		= {1780},
  author	= {Laborde},
  address	= {Paris},
  keywords	= {music history}
}

@Book{		  lang41:music,
  title		= {Music in western civilization},
  publisher	= {W.W. Norton},
  year		= {1941},
  author	= {Lang, Paul Henry},
  address	= {New York},
  keywords	= {music history}
}

@Book{		  longyear73:nineteenth-century,
  title		= {Nineteenth-century romanticism in music},
  publisher	= {Prentice-Hall},
  year		= {1973},
  editor	= {H. Wiley Hithcock},
  author	= {Rey M. Longyear},
  series	= {Prentice-Hall History of Music Series},
  address	= {Englewood Cliffs, N.J.},
  edition	= {2 ed.},
  cdd		= {780.908 L859n},
  isbn		= {0-13-622670-1},
  keywords	= {music history}
}

@Book{		  malm77:music,
  title		= {Music cultures of the Pacific, the Near East, and Asia},
  publisher	= {Prentice-Hall},
  year		= {1977},
  editor	= {H. Wiley Hithcock},
  author	= {Malm, William P.},
  series	= {Prentice-Hall History of Music Series},
  address	= {Englewood Cliffs, N.J.},
  keywords	= {music history}
}

@Book{		  mariz00:historia,
  title		= {História da música no Brasil},
  publisher	= {Editora Nova Fronteira},
  year		= {2000},
  author	= {Mariz, Vasco},
  address	= {Rio de Janeiro},
  edition	= {5 ed.},
  cdd		= {780.981 M296h},
  isbn		= {85-209-1050-5},
  keywords	= {music history}
}

@Book{		  mariz94:historia,
  title		= {História da música no Brasil},
  publisher	= {Editora Nova Fronteira},
  year		= {1994},
  author	= {Mariz, Vasco},
  address	= {Rio de Janeiro},
  edition	= {4 ed.},
  cdd		= {780.981 M343},
  isbn		= {85-209-1050-5},
  file		= {mariz94:historia.pdf},
  keywords	= {music history}
}

@Book{		  martini57:storia,
  title		= {Storia della musica
		  
		  alla Sacra reale cattolica Maestà Maria Barbara},
  publisher	= {Lelio dalla Volpe impressore},
  year		= {1757},
  author	= {Martini, Giovanni Battista},
  address	= {Bologna},
  annote	= {microform :
		  
		  umiliato, e dedicato da fr. Giambatista Martini.
		  
		  ill., ports., maps.
		  
		  Title vignette. Numerous musical illustrations.
		  
		  Vol. 2: All'Altezza serenissima elettorale di Carlo Teodoro
		  ... umiliato, e dedicato; vol. 3: A Sua Altezza reale Don
		  Ferdinando di Borbone ...
		  
		  The work was not completed, owing to the death of the
		  author. The 3 volumes all deal with ancient music.
		  
		  Micro-opaque. [Rochester, N.Y.]: U[niversitiy of]
		  R[ochester Press, 19]58. 39 microcards: ill., maps ; 8 x 13
		  cm.},
  keywords	= {music history}
}

@Book{		  mello08:musica,
  title		= {A música no Brasil desde os tempos coloniaes até o
		  primeiro decênio da República},
  author	= {{Guilherme Teodoro Preira de} Mello},
  year		= {1908},
  publisher	= {Typographia de S. Joaquim},
  address	= {Bahia},
  keywords	= {music history}
}

@Book{		  moldenhauer.ea78:anton,
  author	= {Hans Moldenhauer and Rosaleen Moldenhauer},
  title		= {Anton Von Webern, a Chronicle of His Life and Work},
  publisher	= {Alfred A. Knopf},
  year		= 1978,
  address	= {New York},
  keywords	= {music history}
}

@Book{		  morgan91:twentieth-century,
  title		= {Twentieth-century music: a history of musical style in
		  modern Europe and America},
  publisher	= {Norton},
  year		= {1991},
  author	= {Morgan, Robert P.},
  series	= {Norton Introduction to Music History},
  address	= {New York},
  keywords	= {music history}
}

@Book{		  nef.ea35:outline,
  title		= {An outline of the history of music},
  publisher	= {Columbia University Press},
  year		= {1935},
  author	= {Nef, Karl and Pfatteicher, Carl F. and Rokseth, Y.},
  address	= {New York},
  keywords	= {music history}
}

@Book{		  nettl73:folk,
  title		= {Folk and traditional music of the western continents},
  publisher	= {Prentice-Hall},
  year		= {1973},
  editor	= {H. Wiley Hithcock},
  author	= {Nettl, Bruno},
  series	= {Prentice-Hall History of Music Series},
  address	= {Englewood Cliffs, N.J.},
  edition	= {2 ed.},
  cdd		= {780.908 B475f},
  isbn		= {0-13-322941-6},
  keywords	= {music history}
}

@Book{		  palisca81:baroque,
  title		= {Baroque music},
  publisher	= {Prentice-Hall},
  year		= {1981},
  editor	= {H. Wiley Hithcock},
  author	= {Palisca, Claude V.},
  series	= {Prentice-Hall History of Music Series},
  address	= {Englewood Cliffs, N.J.},
  edition	= {2 ed.},
  cdd		= {780.908},
  isbn		= {0-13-055954-7},
  keywords	= {music history}
}

@Book{		  pauly73:music,
  title		= {Music in the classic period},
  publisher	= {Prentice-Hall},
  year		= {1973},
  editor	= {H. Wiley Hithcock},
  author	= {Pauly, Reinhard G.},
  series	= {Prentice-Hall History of Music Series},
  address	= {Englewood Cliffs, N.J.},
  edition	= {2 ed.},
  cdd		= {780.908 P333mc},
  isbn		= {0-13-607648-3},
  keywords	= {music history}
}

@Book{		  plantinga84:romantic,
  title		= {Romantic music},
  publisher	= {W.W. Norton},
  year		= {1984},
  author	= {Plantinga, Leon},
  series	= {Norton Introduction to Music History},
  address	= {New York},
  keywords	= {music history}
}

@Book{		  printz.ea64:historische,
  title		= {Historische Beschreibung der edelen Sing- und Kling-Kunst.
		  Dresden, 1690},
  publisher	= {Akademische Druck- u. Verlagsanstalt},
  year		= {1964},
  author	= {Printz, Wolfgang Caspar and Wessely, Othmar},
  address	= {Graz},
  keywords	= {music history}
}

@Book{		  reese88:musica,
  title		= {La música en la Edad Media},
  publisher	= {Alianza Editorial},
  year		= {1988},
  author	= {Gustav Reese},
  series	= {Norton History of Music},
  address	= {Madrid},
  keywords	= {music history}
}

@Book{		  reese59:music,
  title		= {Music in the Renaissance},
  publisher	= {Norton},
  year		= {1959},
  author	= {Reese, Gustave},
  series	= {Norton History of Music},
  address	= {New York},
  keywords	= {music history}
}

@Book{		  riemann.ea19:handbuch,
  title		= {Handbuch der Musikgeschichte},
  publisher	= {Breitkopf \& Härtel},
  year		= 1919,
  author	= {Riemann, Hugo and Einstein, Alfred},
  address	= {Leipzig},
  annote	= {von Hugo Riemann.
		  
		  music ; 23 cm.
		  
		  v.2, pt. 2 and 3 have edition statement: "Zweite, von
		  Alfred Einstein durchgesehene Auflage."
		  
		  1. Bd.: Altertum und Mittelalter (bis 1450) (2T).--2. Bd.,
		  1.T.: Das Zeitalter der Renaissance bis 1600.--2. Bd.,
		  2.T.: Das Generalbasszeitalter.--2. Bd., 3.T.: Die Musik
		  des 18. und 19 Jahrhunderts.--},
  keywords	= {music history}
}

@Book{		  sachs43:rise,
  title		= {The rise of music in the ancient world, East and West},
  publisher	= {W. W. Norton \& company inc.},
  year		= {1943},
  author	= {Sachs, Curt},
  series	= {Norton History of Music},
  address	= {New York},
  keywords	= {music history}
}

@Book{		  salzman74:twentieth-century,
  title		= {Twentieth-century music: an introduction},
  publisher	= {Prentice-Hall},
  year		= {1974},
  editor	= {H. Wiley Hithcock},
  author	= {Salzman, Eric},
  series	= {Prentice-Hall History of Music Series},
  address	= {Englewood Cliffs, N.J.},
  edition	= {2 ed.},
  annote	= {illus. 24 cm.},
  cdd		= {780.908 S186t},
  isbn		= {0-13-935015-2},
  keywords	= {music history}
}

@Book{		  salzman70:introducao,
  title		= {Introdução à Música do Século XX},
  publisher	= {Zahar},
  year		= {1970},
  author	= {Salzman, Eric},
  address	= {Rio de Janeiro},
  note		= {Trad. Marco Aurélio de Moura Matos},
  annote	= {illus. 24 cm.},
  cdd		= {780.908 S185},
  isbn		= {0-13-935015-2},
  keywords	= {music history}
}

@Book{		  schwartz.ea93:music,
  title		= {Music Since 1945: Issues, Materials, and Literature},
  publisher	= {Schirmer Books},
  year		= {1993},
  author	= {Eliott Schwartz and Daniel Godfrey},
  keywords	= {music history}
}

@Book{		  slonimsky94:music,
  title		= {Music since 1900},
  publisher	= {Schirmer Books,
		  
		  Maxwell Macmillan Canada e
		  
		  Maxwell Macmillan International},
  year		= {1994},
  author	= {Nicolas Slonimsky},
  address	= {New York e
		  
		  Toronto},
  keywords	= {music history}
}

@Book{		  subira58:historia,
  title		= {Historia de la música},
  publisher	= {Salvat},
  year		= {1958},
  author	= {Subirá, José},
  address	= {Barcelona},
  edition	= {3. ed. rev. amp. atual.},
  cdd		= {780.908 S185},
  keywords	= {music history}
}

@Book{		  ulrich.ea63:history,
  title		= {A history of music and musical style},
  publisher	= {Harcourt Brace \& World},
  year		= {1963},
  author	= {Ulrich, Homer and Pisk, Paul Amadeus},
  address	= {New York},
  keywords	= {music history}
}

@Book{		  wade79:music,
  title		= {Music in India: the classical traditions},
  publisher	= {Prentice-Hall},
  year		= {1979},
  editor	= {H. Wiley Hithcock},
  author	= {Wade, Bonnie C.},
  series	= {Prentice-Hall History of Music Series},
  address	= {Englewood Cliffs, N.J.},
  cdd		= {780.908 W119m},
  keywords	= {music history}
}

@InCollection{	  westrup.ea57:general,
  author	= {J. A. Westrup and Gerald Abraham and Edward J. Dent and
		  Anselm Hughes and Egon Wellesz},
  title		= {General Introduction},
  booktitle	= {Ancient and oriental music},
  publisher	= {Oxford University Press},
  year		= {1957},
  editor	= {Egon Wellesz},
  volume	= {1},
  series	= {The New Oxford History of Music},
  address	= {Oxford e New York},
  cdd		= {780.9 N532 v1},
  isbn		= {0-19-316301-2},
  keywords	= {music history}
}

@Book{		  wiora67:four,
  title		= {The four ages of music},
  publisher	= {W. W. Norton},
  year		= {1967},
  author	= {Wiora, Walter},
  address	= {New York},
  note		= {Translation of Die vier Weltalter der Musik},
  keywords	= {music history}
}

@Book{		  worner73:history,
  title		= {History of music; a book for study and reference},
  publisher	= {Free Press},
  year		= {1973},
  author	= {Wörner, Karl Heinrich},
  address	= {New York},
  note		= {Translated and supplemented by Willis Wager. Translation
		  of Geschichte der Musik},
  keywords	= {music history}
}

@Book{		  abraham.ea90:early,
  title		= {The Early Middle Ages to 1300},
  publisher	= {Oxford University Press},
  year		= {1990},
  editor	= {Abraham, Gerald and Crocker, Richard L. and Hiley, David},
  volume	= {2},
  series	= {The New Oxford History of Music},
  address	= {Oxford e New York},
  edition	= {2. ed.},
  annote	= {edited by Richard Crocker and David Hiley.
		  
		  ill. ; 25 cm.
		  
		  Rev ed. of: Early medieval music, up to 1300. 1967.
		  
		  Includes index.
		  
		  pt. 1. Christian chant of the Eastern churches: Christian
		  chant in Syria, Armenia, Egypt, and Ethiopia ; Byzantine
		  chant / by Mil*os Velimirovi*c -- pt. 2. Christian chant of
		  the Western churches : Latin chant outside the Roman
		  tradition / by Kenneth Levy ; Liturgical materials of Roman
		  chant ; Chants of the Roman office ; Chants of the Roman
		  Mass / by Richard Crocker -- pt. 3. Medieval monophony in
		  Western Europe: Medieval chant / by Richard Crocker ;
		  Liturgical drama / by Susan Rankin ; Medieval song / by
		  John Stevens -- pt. 4. Medieval polyphony in Western
		  Europe: Instruments and instrumental music before 1300 / by
		  Christopher Page ; Early polyphony / by Sarah Fuller ;
		  Polyphony at Notre Dame of Paris / by Janet Knapp ; French
		  polyphony of the thirteenth century ; Polyphony in England
		  in the thirteenth century / by Richard Crocker.},
  keywords	= {music history}
}

@Book{		  abraham68:age,
  title		= {The age of humanism, 1540-1630},
  publisher	= {Oxford University Press},
  year		= {1968},
  editor	= {Abraham, Gerald},
  series	= {The New Oxford History of Music},
  address	= {London, New York},
  annote	= {Edited by Gerald Abraham.
		  
		  illus., facsims., music. 26 cm.
		  
		  The French chanson / Charles Van Den Borren -- The
		  sixteenth-century madrigal / Edward J. Dent -- German
		  secular song / Kurt Gudewill -- Solo song and cantata /
		  Nigel Fortune -- Latin church music on the continent-1: The
		  Franco-Flemings in the North / Nanie Bridgman -- France in
		  the sixteenth century (1520-1610) / Francois Lesure --
		  Central Europe / H.F. Redlich -- Latin church music on the
		  continent-2 : The perfection of the A cappella style /
		  Henry Coates and Gerald Abraham -- Latin church music on
		  the continent-3: Spain and Portugal / Higini AnglÃ¨s --
		  Protestant music on the continent / Théodore Gérold --
		  Church music in England / Frank Ll. Harrison -- Early
		  Baroque church music / H.F. Redlich -- Concerted
		  instrumental music / Ernst H. Meyer -- Solo instrumental
		  music / Willi Apel -- Instruments and instrumental notation
		  / Gerald Hayes -- Music and drama / Edward J. Dent, F.W.
		  Sternfeld -- Early Italian opera / Simon Towneley.},
  cdd		= {780.9 N532 v4},
  keywords	= {music history}
}

@Book{		  abraham82:age,
  title		= {The Age of Beethoven, 1790-1830},
  publisher	= {Oxford University Press},
  year		= {1982},
  editor	= {Abraham, Gerald},
  volume	= {8},
  series	= {The New Oxford History of Music},
  address	= {London and New York},
  annote	= {edited by Gerald Abraham.
		  
		  ill.; 26 cm.
		  
		  Includes index.
		  
		  General musical conditions / Alec Hyatt King -- French
		  opera / Winton Dean -- Beethoven's orchestral works; The
		  orchestral music of Beethoven's contemporaries / Paul Mies
		  -- The concerto / John A. Meyer --Beethoven's chamber music
		  / Gerald Abraham -- The chamber music of Beethoven's
		  contemporaries / Hans Mersmann and Gerald Abraham -- Piano
		  music / Philip Radcliffe -- Italian opera; German opera /
		  Winton Dean -- Opera in other countries / Gerald Abraham --
		  Solo song. Germany and Italy / Leslie Orrey -- The Slav
		  lands / Gerald Abraham -- France / Georges Favre -- Choral
		  music / Anthony Lewis.},
  cdd		= {780.9 N532 v8},
  keywords	= {music history}
}

@Book{		  abraham86:concert,
  title		= {Concert music, 1630-1750},
  publisher	= {Oxford University Press},
  year		= {1986},
  editor	= {Abraham, Gerald},
  volume	= {6},
  series	= {The New Oxford History of Music},
  address	= {Oxford e New York},
  annote	= {edited by Gerald Abraham.
		  
		  music; 26 cm.
		  
		  Includes index.
		  
		  Ode and oratorio in England: dialogue and ode / Rosamond
		  McGuinness -- Oratorio and related forms / Anthony Hicks
		  and Gerald Abraham -- Solo song and vocal duet: Italy;
		  Germany / Hans Joachim Marx -- England / Ian Spink --
		  France / David Tunley -- Music for instrumental ensemble:
		  1630-1700; Orchestral music in the early eighteenth century
		  ; The solo concerto / Walter Kolneder -- Concerted chamber
		  music / Ernst H. Meyer -- The solo sonata / Charles W.
		  Hughes -- Keyboard music: 1630-1700 / John Caldwell --
		  Harpsichord music: 1700-1750 / Philip Radcliffe -- Organ
		  music: 1700-1750 / Walter Emery.},
  cdd		= {780.9 N532 v8},
  keywords	= {music history}
}

@Book{		  abraham90:romanticism,
  title		= {Romanticism (1830-1890)},
  publisher	= {Oxford University Press},
  year		= {1990},
  editor	= {Gerald Abraham},
  volume	= {9},
  series	= {The New Oxford History of Music},
  address	= {Oxford e New York},
  cdd		= {780.9 N532 v9},
  keywords	= {music history}
}

@Book{		  christensen02:cambridge,
  title		= {The Cambridge History of Western Music Theory},
  editor	= {Thomas Street Christensen},
  year		= {2002},
  publisher	= {Cambridge University Press},
  address	= {Cambridge},
  keywords	= {music history}
}

@Book{		  cooper74:modern,
  title		= {The modern age, 1890-1960},
  publisher	= {Oxford University Press},
  year		= {1974},
  editor	= {Martin Cooper},
  volume	= {10},
  series	= {The New Oxford History of Music},
  address	= {London and New York},
  annote	= {edited by Martin Cooper.
		  
		  illus. 26 cm.
		  
		  The apogee and decline of Romanticism: 1890-1914: The
		  reaction against Romanticism: 1890-1914 / Gerald Abraham --
		  Stage works: 1890-1918 / Martin Cooper -- Music in the
		  mainland of Europe: 1918-1939 / Mosco Carner -- Music of
		  the European mainstream: 1940-1960 / Peter Evans -- Music
		  in Britain: 1918-1960 / Arthur Hutchings -- American music:
		  1918-1960: Music in the United States / Richard Franko
		  Goldman -- Music in Latin America / Gerard Béhague --
		  Music in the Soviet Union / Gerald Abraham.},
  cdd		= {780.9 N532 v10},
  keywords	= {music history}
}

@Book{		  hughes.ea60:ars,
  title		= {Ars nova and the Renaissance, 1300-1540},
  publisher	= {Oxford University Press},
  year		= {1960},
  editor	= {Hughes, Anselm and Abraham, Gerald},
  series	= {The New Oxford History of Music},
  address	= {London, New York},
  keywords	= {music history}
}

@Book{		  hughes.ea69:ars,
  title		= {Ars nova and the Renaissance, 1300-1540},
  publisher	= {Oxford University Press},
  year		= {1969},
  editor	= {Hughes, Anselm and Abraham, Gerald},
  volume	= {3},
  series	= {The New Oxford History of Music},
  address	= {London and New York},
  cdd		= {780.9 N532 v3},
  isbn		= {0-19-316303-9},
  keywords	= {music history}
}

@Book{		  hughes55:early,
  title		= {Early medieval music, up to 1300},
  publisher	= {Oxford University Press},
  year		= {1955},
  editor	= {Hughes, Anselm},
  volume	= {2},
  series	= {The New Oxford History of Music},
  address	= {London and New York},
  edition	= {1. ed.},
  keywords	= {music history}
}

@Book{		  lewis.ea86:opera,
  title		= {Opera and church music, 1630-1750},
  publisher	= {Oxford University Press},
  year		= {1986},
  editor	= {Lewis, Anthony and Fortune, Nigel},
  volume	= {5},
  series	= {The New Oxford History of Music},
  address	= {London and New York},
  cdd		= {780.9 N532 v5},
  isbn		= {0-19-316305-5},
  keywords	= {music history}
}

@Book{		  palisca01:norton,
  title		= {Norton Anthology of Western Music},
  publisher	= {W.W. Norton \& Company},
  year		= {2001},
  editor	= {Claude Palisca},
  volume	= {I - Ancient to Baroque},
  address	= {New York and London},
  edition	= {4 ed.},
  isbn		= {0-393-97690-4},
  keywords	= {music history}
}

@Book{		  palisca01:norton-b,
  title		= {Norton Anthology of Western Music},
  publisher	= {W.W. Norton \& Company},
  year		= {2001},
  editor	= {Claude Palisca},
  volume	= {II - Classic to Modern},
  address	= {New York and London},
  edition	= {4 ed.},
  isbn		= {0-393-97690-4},
  keywords	= {music history}
}

@Book{		  wellesz.ea73:age,
  title		= {The age of enlightenment, 1745-1900},
  publisher	= {Oxford University Press},
  year		= {1973},
  editor	= {Wellesz, Egon and Sternfeld, Frederick William},
  volume	= {7},
  series	= {The New Oxford History of Music},
  address	= {London and New York},
  annote	= {edited by Egon Wellesz and Frederick Sternfeld.
		  
		  illus. 26 cm.
		  
		  Opera in Italy and the Holy Roman empire. Promotion and
		  patronage ; Italian opera; German opera; The operas of
		  Mozart / Anna Amalie Abert -- The operas of Haydn / H.C.
		  Robbins Landon -- Opera in France / Martin Cooper -- Opera
		  in other countries: English opera / Roger Fiske -- The rise
		  of Russian opera / Gerald Seaman -- Opera in Spain / Gerald
		  Abraham -- Church music and oratorio / Edward Olleson --
		  Solo song / Rosemary Hughes -- The early symphony / Egon
		  Wellesz and F.W. Sternfeld -- The concerto / Egon Wellesz
		  and F.W. Sternfeld -- The divertimento and cognate forms /
		  Günther Hausswald --The rise of chamber music / Karl
		  Geiringer -- Keyboard music / Philip Radcliffe --
		  Instrumental masterworks and aspects of formal design /
		  F.W. Sternfeld.},
  cdd		= {780.9 N532 v1},
  isbn		= {0-19-316301-2},
  keywords	= {music history}
}

@Book{		  wellesz57:ancient,
  title		= {Ancient and oriental music},
  publisher	= {Oxford University Press},
  year		= {1957},
  editor	= {Egon Wellesz},
  volume	= {1},
  series	= {The New Oxford History of Music},
  address	= {Oxford and New York},
  annote	= {illus., facsims., music. 26 cm.
		  
		  Primitive music / Marius Schneider -- The music of far
		  Eastern Asia. 1. China; The music of far Eastern Asia. 2.
		  other countries / Laurence Picken -- The music of India /
		  Arnold Bake -- The music of ancient Mesopotamia: The music
		  of ancient Egypt / Henry George Farmer -- Music in the
		  Bible / Carl H. Kraeling and Lucetta Mowry -- The music of
		  post-Biblical Judaism / Eric Werner -- Ancient Greek music
		  / Isobel Henderson -- Roman music / J.E. Scott --The music
		  of Islam / Henry George Farmer.},
  cdd		= {780.9 N532 v1},
  isbn		= {0-19-316301-2},
  keywords	= {music history}
}
