
@Book{		  heussenstamm87:norton,
  title		= {The Norton manual of music notation},
  publisher	= {W.W. Norton},
  year		= {1987},
  author	= {Heussenstamm, George},
  address	= {New York},
  keywords	= {music notation}
}

@Book{		  stone80:music,
  title		= {Music Notation in the Twentieth Century: A Practical
		  Guidebook},
  publisher	= {W.W. Norton \& Company},
  year		= {1980},
  author	= {Kurt Stone},
  address	= {New York},
  isbn		= {393950530},
  keywords	= {music notation}
}
