
@Book{            beethoven:complete,
  title         = {Complete String Quartets},
  publisher     = {Dover Publications, Inc},
  year          = {1970},
  author        = {{Ludwig van} Beethoven}
}
