
@Book{cooper.ea60,
  author =    {Grosvenor Cooper and Leonard B Meyer},
  title =        {The rhythmic structure of music},
  publisher =    {University of Chicago Press},
  year =         1960,
  address =   {Chicago}
}

