@Book{           rapee24:motion,
  author        = {Erno Rapee},
  title         = {Motion picture moods for pianists and organists: rapid-reference collection of selected pieces},
  publisher     = {Schirmer},
  year          = 1924,
  address       = {New York, NY}
}
