
@Book{            grier96:critical,
  author        = {James Grier},
  title         = {The critical editing of music: history, method, and
                  practice},
  publisher     = {Cambridge University Press},
  year          = 1996,
  address       = {Cambridge},
  isbn          = {0-52-155190-0}
}

@InProceedings{   wiering.ea06:digital,
  author        = {Frans Wiering and Tim Crawford and David Lewis},
  title         = {Digital Critical Editions of Music: A Multidimensional
                  Model},
  booktitle     = {Expert Seminar on Music: Modern Methods for Musicology},
  year          = 2006,
  month         = {Mar√ßo},
  organization  = {Tim Crawford},
  publisher     = {University of London}
}
