@Article{lerdahl03:essay,
  author =       {Fred Lerdahl},
  title =        {Essay: Two Ways in Which Music Relates to the World},
  journal =      {Music Theory Spectrum},
  year =         2003,
  volume =    25,
  number =    2,
  pages =     {367--373}
}

@InProceedings{cunha99:ensino,
  author =       {Antônio Carlos Borges Cunha},
  title =        {O ensino da composição musical na era do ecletismo},
  booktitle = {Anais do XII Congresso da ANPPOM},
  year =      1999,
  publisher = {PPGMUS UFBA}
}

@Article{ferraz05:consideracoes,
  author =       {Silvio Ferraz},
  title =        {Considerações sobre avaliação composicional},
  journal =      {Música Hodie},
  year =         2005,
  volume =    5,
  number =    2,
  pages =     {27--41}
}

@Article{winter06:bifonia,
  author =       {Leonardo Loureiro Winter},
  title =        {A bifonia fundamental nas "{Q}uatro estações do
                  sonho" opus 129 de {E}rnst {W}idmer: origem,
                  transformação referenciais sonoros},
  journal =      {Em pauta},
  year =         2006,
  volume =    17,
  number =    28,
  pages =     {5--18}
}

@InProceedings{winter05:elementos,
  author =       {Leonardo Loureiro Winter},
  title =        {Elementos paradoxais nas "{Q}uatro estações do
                  sonho", opus 129 de {E}rnst {W}idmer},
  booktitle = {Anais do XV Congresso da ANPPOM},
  pages =     {286--295},
  year =      2005,
  address =   {Rio de Janeiro},
  publisher = {UFRJ}
}
