@string {proc-ismir2000 = "Proceedings of ISMIR 2000"}
@string {proc-ismir2001 = "Proceedings of ISMIR 2001"}
@string {proc-ismir2002 = "Proceedings of ISMIR 2002"}
@string {proc-ismir2003 = "Proceedings of ISMIR 2003"}
@string {proc-ismir2004 = "Proceedings of ISMIR 2004"}
@string {proc-ismir2005 = "Proceedings of ISMIR 2005"}
@string {proc-ismir2006 = "Proceedings of ISMIR 2006"}
@string {proc-ismir2007 = "Proceedings of ISMIR 2007"}
