@STRING{proc-ismir2000="Proceedings of the 1th International Conference on
                  Music Information Retrieval" }
@STRING{proc-ismir2001="Proceedings of the 2th International Conference on
                  Music Information Retrieval" }
@STRING{proc-ismir2002="Proceedings of the 3th International Conference on
                  Music Information Retrieval" }
@STRING{proc-ismir2003="Proceedings of the 4th International Conference on
                  Music Information Retrieval" }
@STRING{proc-ismir2004="Proceedings of the 5th International Conference on
                  Music Information Retrieval" }
@STRING{proc-ismir2005="Proceedings of the 6th International Conference on
                  Music Information Retrieval" }
@STRING{proc-ismir2006="Proceedings of the 7th International Conference on
                  Music Information Retrieval" }
@STRING{proc-ismir2007="Proceedings of the 8th International Conference on
                  Music Information Retrieval" }

@STRING{cma     = "The Computer Music Association" }
@STRING{jnmr = "Journal of New Music Research"}
@STRING{jasa = "Journal of the Acoustical Society of America"}
@STRING{jaes = "Journal of the Engineering Society"}
@STRING{cmj     = "Computer Music Journal" }
@STRING{mp      = "Music Perception" }
@STRING{pm      = "Psychology of Music" }
@STRING{jmt     = "Journal of Music Theory" }
@STRING{jrme    = "Journal of Research in Music Education"}
@STRING{pnm     = "Perspectives of New Music" }
@STRING{cmr     = "Contemporary Music Review" }
@STRING{icmc    = "International Computer Music Conference" }
@STRING{mit     = "The MIT Press" }
@STRING{proc    = "Proceedings of the" }
@STRING{groveol = "The New Grove Dictionary of Music and Musicians On-line" }
