@InProceedings{strehl.ea00:impact,
  title={{Impact of similarity measures on web-page clustering}},
  author={Strehl, A. and Ghosh, J. and Mooney, R.},
  booktitle={Proc. AAAI Workshop on AI for Web Search (AAAI 2000), Austin},
  pages={58--64},
  year=2000
}


@InProceedings{zhong05:efficient,
  title={{Efficient online spherical k-means clustering}},
  author={Zhong, S.},
  booktitle={2005 IEEE International Joint Conference on Neural Networks, 2005. IJCNN'05. Proceedings},
  year= 2005,
  volume=5
}

@InProceedings{welling.ea06:bayesian,
  title={{Bayesian K-means as a “maximization-expectation” algorithm}},
  author={Welling, M. and Kurihara, K.},
  booktitle={Proceedings of the 6th SIAM International Conference on Data Mining},
  pages=474,
  year=2006,
  organization={Society for Industrial Mathematics}
}

@article{dhillon.ea01:concept,
  title={{Concept decompositions for large sparse text data using clustering}},
  author={Dhillon, I.S. and Modha, D.S.},
  journal={Machine Learning},
  volume=42,
  number=1,
  pages={143--175},
  year=2001,
  publisher={Springer}
}

@InProceedings{hotho2003wit,
  title={{Wordnet improves text document clustering}},
  author={Hotho, A. and Staab, S. and Stumme, G.},
  booktitle={Proc. of the SIGIR 2003 Semantic Web Workshop},
  pages={541--544},
  year={2003}
}

@InProceedings{steinbach2000cdc,
  title={{A comparison of document clustering techniques}},
  author={Steinbach, M. and Karypis, G. and Kumar, V.},
  booktitle={KDD workshop on text mining},
  volume={34},
  pages={35},
  year={2000}
}

@article{hung.ea04:hybrid,
  title={{Hybrid neural document clustering using guided self-organization and WordNet}},
  author={Hung, C. and Wermter, S. and Smith, P.},
  journal={IEEE Intelligent Systems},
  volume=19,
  number=2,
  pages={68--77},
  year=2004
}

@article{sedding.ea04:wordnet,
  title={{Wordnet-based text document clustering}},
  author={Sedding, J. and Kazakov, D.},
  journal={ROMAND},
  year= 2004,
  pages=104
}

@InProceedings{nigam.ea98:learning,
  title={{Learning to classify text from labeled and unlabeled documents}},
  author={Nigam, K. and McCallum, A. and Thrun, S. and Mitchell, T.},
  booktitle={Proceedings of the National Conference on Artificial Intelligence},
  pages={792--799},
  year=1998,
  organization={JOHN WILEY \& SONS LTD}
}

@InProceedings{scott.ea98:text,
  title={{Text classification using WordNet hypernyms}},
  author={Scott, S. and Matwin, S.},
  booktitle={Use of WordNet in Natural Language Processing Systems: Proceedings of the Conference},
  pages={38--44},
  year=1998
}

@InProceedings{peng.ea05:document,
  title={{Document classifications based on word semantic hierarchies}},
  author={Peng, X. and Choi, B.},
  booktitle={Proceedings of the International Conference on Artificial Intelligence and Applications (AIA’05)},
  pages={362--367},
  year=2005
}

@article{hotho.ea03:explaining,
  title={{Explaining text clustering results using semantic structures}},
  author={Hotho, A. and Staab, S. and Stumme, G.},
  journal={Lecture notes in computer science},
  pages={217--228},
  year=2003,
  publisher={Springer}
}

@InProceedings{bloehdorn.ea04:text,
  title={{Text classification by boosting weak learners based on terms and concepts}},
  author={Bloehdorn, S. and Hotho, A.},
  booktitle={Fourth IEEE International Conference on Data Mining, 2004. ICDM'04},
  pages={331--334},
  year=2004
}

@InProceedings{jing.ea06:ontology,
  title={{Ontology-based distance measure for text clustering}},
  author={Jing, L. and Zhou, L. and Ng, M.K. and Huang, J.Z.},
  booktitle={Proc. of SIAM SDM workshop on text mining, Bethesda, Maryland, USA},
  year=2006
}

@article{reforgiato.ea07:num,
  title={{A new unsupervised method for document clustering by using WordNet lexical and conceptual relations}},
  author={Reforgiato Recupero, D.},
  journal={Information Retrieval},
  volume=10,
  number=6,
  pages={563--579},
  year=2007,
  publisher={Springer}
}

@article{miller95:wordnet,
  title={{WordNet: a lexical database for English}},
  author={Miller, G.A.},
  journal={Communications of the ACM},
  volume=38,
  number=11,
  pages={39--41},
  year=1995,
  publisher={ACM New York, NY, USA}
}
