@Article = {gordon85:system,
   author = {John W. Gordon}; 
   title = {System Architectures for Computer Music}; 
   journal = {ACM Computing Surveys}; 
   year = {1985}; 
   keyword = {computer music}; 
   keyword = {algorithms}; 
   keyword = {design}; 
   keyword = {performance}; 
   keyword = {systems}; 
   volume = {17}; 
   number = {2}; 
   month = {6}; 
   pages = {191-233}; 
  file = {gordon85:system};
}

@Article = {loy85:programming,
   author = {Gareth Loy and Curtis Abbott}; 
   title = {Programming languages for computer music synthesis, performance, and composition}; 
   journal = {ACM Computing Surveys}; 
   year = {1985}; 
   keyword = {computer music}; 
   keyword = {representation}; 
   keyword = {programming language}; 
   keyword = {synthesis}; 
   volume = {17}; 
   number = {2}; 
   month = {6}; 
   pages = {235-265}; 
  file = {loy85:programming};
}

@Article = {almstrum03:attraction,
   author = {Vicki L. Almstrum}; 
   title = {What is the Attraction to Computing}; 
   journal = {Comunications of the ACM}; 
   year = {2003}; 
   volume = {46}; 
   number = {9}; 
   pages = {51-55}; 
   month = {9}; 
  file = {almstrum03:attraction};
}

@Article = {devlin03:universities,
   author = {Keith Devlin}; 
   title = {Why Universities Require Computer Science Students to Take Math}; 
   journal = {Comunications of the ACM}; 
   year = {2003}; 
   volume = {46}; 
   number = {9}; 
   pages = {37-39}; 
   month = {9}; 
  file = {devlin03:universities};
}

@Article = {mathiesen02:greece,
   author = {Thomas J. Mathiesen}; 
   title = {Greece, Ancient}; 
   booktitle = {The New Grove Dictionary of Music and Musicians On-line}; 
   publisher = {Macmillan Publishers}; 
   year = {2002}; 
   whereis = {Pasta M}; 
   link = {www.grovemusic.com}; 
   annote = {Artigo que dá uma visão geral da teorial musical na grécia antiga. A introdução fala do uso das teorias gregas durante a históra e as fontes de estudo. O autor, sendo a autoridade no assunto, define as regiões e limites cronológicos. Uma seção aborda o que é conhecido sobre a vida musical na grécia antiga. Uma extensa seção descreve os instrumentos musicais utilizados. A parte sobre teoria musical trata dos ptagóricos, os harmonicistas, e a tradição aristoxeana (aqui ele fala das notas, intervalos, genera, escalas, tonoi e harmoniai, modulação, e composição mélica). Uma breve seção discorre sobre a notação.}; 
   keyword = {teoria}; 
   keyword = {teoria grega}; 
   keyword = {temperamento}; 
   keyword = {pitagoras}; 
   keyword = {aristoxenus}; 
   editor = {Laura Macy}; 
}

@Article = {roy2003:concepts,
   author = {PETER VAN ROY and SEIF HARIDI}; 
   title = {Concepts, Techniques, and Models of Computer Programming}; 
   link = {http://www.info.ucl.ac.be/~pvr}; 
   annote = {Livro com mais de 900 páginas. Concentra na abordagem de conceitos e técnicas, ao inves de linguagens de programação. Parece ser bom e extenso.}; 
   keyword = {programming}; 
   keyword = {computation models}; 
   year = {2003}; 
  file = {roy2003:concepts};
}

@Article = {veeraraghavan,
   author = {Sriranga Veeraraghavan}; 
   title = {Sams Teach Yourself Shell Programming in 24 Hours}; 
   publisher = {Sams Publishing}; 
   year = {1999}; 
   annote = {Contem uma introdução ao UNIX, shell e tools, como programar usando o shell, e tópicos avancados. Essa cópia digital é horrivelmente formatada (provavelmente pelo adobe a partir do html) e não vale a pena ser impressa (600 paginas).
}; 
   keyword = {unix}; 
   keyword = {shell}; 
   keyword = {programming}; 
  file = {veeraraghavan};
}

@Article = {stallman02:emacs,
   author = {Richard Stallman}; 
   title = {GNU Emacs Manual}; 
   publisher = {Free Software Fundation}; 
   year = {2002}; 
   link = {www.emacs.org}; 
   annote = {Manual de referência do Emacs. Bem escrito, mas um novato sente falta de screenshots e para que serve algumas coisas.}; 
   keyword = {emacs}; 
   keyword = {gnu}; 
   keyword = {unix}; 
   keyword = {editor de texto}; 
   month = {3}; 
  file = {stallman02:emacs};
}

@Article = {glickstein97:writing,
   author = {Bob Glickstein}; 
   title = {Writing GNU Emacs Extensions}; 
   publisher = {O'Reilly}; 
   year = {1997}; 
   annote = {O título diz tudo, um livro para usuários mais avançados. Esse liro foi baixado do netlibrary (tenho os htmls).}; 
   keyword = {emacs}; 
   keyword = {editor de texto}; 
  file = {glickstein97:writing};
}

@Article = {taube03:notes,
   author = {Heinrich Konrad Taube}; 
   title = {Notes from the Metalevel: An Introduction to Computer Composition}; 
   annote = {Parece ser um livro interessante. Tem uma introdução ao Lisp e alguns capítulos de composição algorítmica, temperamentos, etc.}; 
   keyword = {composicao}; 
   keyword = {lisp}; 
   keyword = {clm}; 
   keyword = {common music}; 
   keyword = {computer music}; 
   month = {3}; 
   year = {2003}; 
  file = {taube03:notes};
}

@Article = {mills59:sociological,
   author = {C. Wright Mills}; 
   title = {The Sociological Imagination}; 
   chapter = {On Intellectual Craftsmanship}; 
   pages = {195-226}; 
   publisher = {Oxford}; 
   year = {1959}; 
   annote = {Mills wrote an Appendix in The Sociological Imagination, calling it "On Intellectual Craftsmanship." In this essay he kind of talks out loud about how he does things, offering advice to new and old sociologists, alike. He offers advice which corresponds to his own stance vis-a-vis "mainstream" sociological theory and methods...advice which I think is still sound today...some 40 years later. [Esse comentário é da pessoa que disponibilizou o texto na internet. Ele também scaneou esses textos. infelizmente não tenho mais a URL. Mills recomenda, entre outras coisas, manter um log.]}; 
   keyword = {logbook}; 
   keyword = {desenvolvimento pessoal}; 
   keyword = {pesquisa}; 
   address = {New York}; 
  file = {mills59:sociological};
}

@Article = {donnelly02:bison,
   title = {Bison: The YACC-compatible parser generator}; 
   annote = {Manual para a versão 1.35 do Bison.}; 
   keyword = {bison}; 
   keyword = {yacc}; 
   keyword = {parser generator}; 
   author = {Charles Donnelly and Richard Stallman}; 
   month = {2}; 
   year = {2002}; 
  file = {donnelly02:bison};
}

@Article = {crocker63:pythagorean,
   author = {Richard L. Crocker}; 
   title = {Pythagorean Mathematics and Music}; 
   journal = {Journal of Aesthetics and Art Criticism}; 
   year = {1963}; 
   whereis = {Pasta C}; 
   annote = {Artigo denso e não muito fácil explica as idéias matemáticas por trás da teoria musical ptagórica. Aborda do ponto de vista dos gregos antigos, i.e., como eles pensavam. Aborda a questão do número irracional e como o estudo musical influenciava o estudo matemático.}; 
   keyword = {matematica}; 
   keyword = {pitagoras}; 
   keyword = {musica grega}; 
   volume = {22}; 
   number = {2}; 
   pages = {189--198}; 
   month = {8}; 
}

@Article = {crocker64:pythagorean,
   author = {Richard L. Crocker}; 
   title = {Pythagorean Mathematics and Music}; 
   journal = {Journal of Aesthetics and Art Criticism}; 
   year = {1964}; 
   whereis = {Pasta C}; 
   annote = {Conclusão do artigo publicado no volume anterior. As duas partes estão grampeadas}; 
   keyword = {matematica}; 
   keyword = {pitagoras}; 
   keyword = {musica grega}; 
   volume = {22}; 
   number = {3}; 
   pages = {325--335}; 
   month = {8}; 
}

@Article = {michel50:pythagore,
   author = {P. H. Michel}; 
   title = {De Pythagore à Euclide}; 
   year = {1950}; 
   annote = {Citado por [crocker63:pythagorean] como sua fonte principal de refêrencia da matemática pitagórica. Ele diz que é um volume abrangente.}; 
   keyword = {matematica}; 
   keyword = {pitagoras}; 
   keyword = {musica grega}; 
   address = {Paris}; 
}

@Article = {isidoro:mathematica,
   author = {Isidoro de Sevilha}; 
   title = {De Mathematica}; 
   booktitle = {Etymologiarum libri XX}; 
   link = {http://www.hottopos.com/geral/latisid.htm}; 
   annote = {Isidoro trata basicamente de etmologia, mas tem uma introdução à matemática grega, e o uso da aritmética na educação. Uma tradução em português com gráficos e comentários pode ser vista em http://www.hottopos.com/geral/isidorus.htm [lauand02:estudo]}; 
   keyword = {matematica grega}; 
   keyword = { teoria grega}; 
  file = {isidoro:mathematica};
}

@Article = {lauand02:estudo,
   author = {Jean Lauand}; 
   title = {Estudo Introdutório - a Aritmética de Isidoro de Sevilha e a Educação Medieval}; 
   journal = {Signum, Revista da ABREM}; 
   year = {2002}; 
   link = {http://www.hottopos.com/geral/isidorus.htm}; 
   annote = {Tradução em portugues com comentários e gráficos.}; 
   keyword = {matematiga grega}; 
   keyword = { matematica medieval, teoria grega}; 
   number = {4}; 
  file = {lauand02:estudo};
}

@Article = {tannery15:role,
   author = {P. Tannery}; 
   title = {Du rôle de la musique grecque dans le développement de la mathématique pure}; 
   booktitle = {MEMOIRES SCIENTIFIQUES, Tome III}; 
   publisher = {Jacques Gabay}; 
   year = {1915}; 
   link = {http://www.gabay.com/sources/Liste_Fiche.asp?CV=165,03}; 
   annote = {Citado por [crocker63:pythagorean]. A música provia métodos para a aritimetica. }; 
   keyword = {historia das ciencias}; 
   keyword = { matematica grega}; 
   address = {Paris}; 
}

@Article = {enckla97:dynamic,
   author = {Denckla, Benjamin Frederick}; 
   title = {Dynamic Intonation in Synthesizer Performance}; 
   school = {Massachusetts Institute of Technology}; 
   year = {1997}; 
   link = {http://xenia.media.mit.edu/~bdenckla/thesis/texts/htthe/}; 
   annote = {Tese sobre temperamento adaptável. Propoe uma pequena linguagem primitiva "score description language" para temperamentos adaptáveis. As limitações da linguagem são muitas e reconhecidas na própria tese. Tem um capítulo interessante sobre teoria de afinação (com ênfase matemática).}; 
   keyword = {temperamento}; 
   keyword = {temperamento adaptavel}; 
   keyword = {pequena linguagem}; 
   keyword = {linguagem}; 
   keyword = {notacao}; 
   month = {9}; 
  file = {enckla97:dynamic};
}

@Article = {keenan98:harmonic,
   author = {David C Keenan}; 
   title = {Harmonic errors in equal tempered musical scales}; 
   link = {http://www.uq.net.au/~zzdkeena/Music/EqualTemperedMusicalScales.htm}; 
   annote = {Atualizado em 2003.}; 
   keyword = {temperamento}; 
   keyword = {consonancia}; 
   month = {2}; 
   year = {1998}; 
  file = {keenan98:harmonic};
}

@Article = {keenan98:algorithm,
   author = {David C Keenan}; 
   title = {An algorithm for dynamically choosing the best 12 notes from an extended meantone - Part 1}; 
   link = {http://www.uq.net.au/~zzdkeena/Music/AdaptiveMeantone.htm}; 
   annote = {Atualizado em 2000.}; 
   keyword = {temperamento}; 
   keyword = {algoritmo}; 
   keyword = {computer music}; 
   year = {1995}; 
  file = {keenan98:algorithm};
}

@Article = {keenan98:errors,
   author = {David C Keenan}; 
   title = {Harmonic errors in single-chain-of-equal-fifths tunings}; 
   link = {http://www.uq.net.au/~zzdkeena/Music/1ChainOfFifthsTunings.htm}; 
   annote = {Atualizado julho 2000.}; 
   keyword = {temperamento}; 
   keyword = {analise}; 
   month = {11}; 
   year = {1998}; 
  file = {keenan98:errors};
}

@Article = {keenan99:errors,
   author = {David C Keenan}; 
   title = {Harmonic errors in double-chain-of-equal-fifths tunings}; 
   link = {http://www.uq.net.au/~zzdkeena/Music/2ChainOfFifthsTunings.htm}; 
   keyword = {temperamento}; 
   keyword = {analise}; 
   month = {11}; 
   year = {1999}; 
  file = {keenan99:errors};
}

@Article = {keenan98:strange,
   author = {David C Keenan}; 
   title = {A strange 9-limit temperament}; 
   link = {http://www.uq.net.au/~zzdkeena/Music/Strange9.htm}; 
   annote = {Atualizado em 2000.}; 
   keyword = {temperamento}; 
   month = {11}; 
   year = {1998}; 
  file = {keenan98:strange};
}

@Article = {keenan98:note,
   author = {David C Keenan}; 
   title = {A note on the naming of musical intervals}; 
   link = {http://www.uq.net.au/~zzdkeena/Music/IntervalNaming.htm}; 
   keyword = {temperamento}; 
   keyword = {notacao}; 
   month = {7}; 
   year = {1998}; 
  file = {keenan98:note};
}

@Article = {keenan99:note,
   author = {David C Keenan}; 
   title = {A note on mathematical notation for musical intervals}; 
   link = {http://www.uq.net.au/~zzdkeena/Music/ANoteOnNotation.htm}; 
   keyword = {temperamento}; 
   keyword = {notacao}; 
   month = {11}; 
   year = {1999}; 
  file = {keenan99:note};
}

@Article = {keenan99:method,
   author = {David C Keenan}; 
   title = {A method for optimally distributing any comma}; 
   link = {http://www.uq.net.au/~zzdkeena/Music/DistributingCommas.htm}; 
   keyword = {temperamento}; 
   month = {11}; 
   year = {1999}; 
  file = {keenan99:method};
}

@Article = {keenan01:miracle,
   author = {David C Keenan}; 
   title = {Miracle Interval Naming}; 
   link = {http://uq.net.au/~zzdkeena/Music/Miracle/MiracleIntervalNaming.txt}; 
   annote = {Originalmente postado na "tuning list" em 4 julho 2001, atualizado em 1 fevereiro de 2002.
}; 
   keyword = {temperamento}; 
   keyword = {notacao}; 
   month = {7}; 
   year = {2001}; 
  file = {keenan01:miracle};
}

@Article = {keenan98:11note,
   author = {David C Keenan}; 
   title = {11 note chain-of-minor-thirds scale}; 
   link = {http://www.uq.net.au/~zzdkeena/Music/ChainOfMinor3rds.htm}; 
   keyword = {temperamento}; 
   month = {7}; 
   year = {1998}; 
  file = {keenan98:11note};
}

@Article = {purdam:comparison,
   author = {Andrew Purdam}; 
   title = {Comparison of Temperaments}; 
   link = {http://www.pcug.org.au/~apurdam/tempers.html}; 
   keyword = {temperamento}; 
  file = {purdam:comparison};
}

@Article = {kellner:bach,
   author = {Herbert Anton Kellner}; 
   title = {Johann Sebastian Bach: the well tempered tuning is unequal}; 
   link = {http://ha.kellner.bei.t-online.de/}; 
   keyword = {temperamento}; 
  file = {kellner:bach};
}

@Article = {lewis98:understanding,
   author = {Pierre Lewis}; 
   title = {Understanding Temperaments}; 
   link = {http://pages.globetrotter.net/roule/temper.htm}; 
   keyword = {temperamento}; 
   year = {1998}; 
  file = {lewis98:understanding};
}

@Article = {shulter98:pythagorean,
   author = {Margo Schulter}; 
   title = {http://www.medieval.org/emfaq/harmony/pyth.html}; 
   link = {http://www.medieval.org/emfaq/harmony/pyth.html}; 
   keyword = {temperamento}; 
   keyword = {ptagoras}; 
   year = {1998}; 
  file = {shulter98:pythagorean};
}

@Article = {shulter01:xenharmonic,
   author = {Margo Schulter}; 
   title = {Xenharmonic Excursion to Padua, 1318: Marchettus, the cadential diesis, and neo-Gothic tunings}; 
   link = {http://www.medieval.org/emfaq/harmony/marchetmf.html}; 
   keyword = {temperamento}; 
   month = {3}; 
   year = {2001}; 
  file = {shulter01:xenharmonic};
}

@Article = {schulter00:hexachords,
   author = {Margo Schulter}; 
   title = {Hexachords, solmization, and musica ficta}; 
   link = {http://www.medieval.org/emfaq/harmony/hex.html}; 
   keyword = {temperamento}; 
   keyword = {musica medieval}; 
   month = {3}; 
   year = {2000}; 
  file = {schulter00:hexachords};
}

@Article = {schulter97:polyphony,
   author = {Margo Schulter}; 
   title = {Thirteenth-Century Polyphony: A Quick Guide to Combinations and Cadences}; 
   link = {/Docs/ebib/arrumar/tuning/2001/processados/13th-Century-Polyphony-Combinations-and-Cadences/13th-Century-Polyphony-Combinations-and-Cadences.pdf}; 
   keyword = {temperamento}; 
   keyword = {musica medieval}; 
   month = {10}; 
   year = {1997}; 
  file = {schulter97:polyphony};
}

@Article = {alves90:key,
   author = {Bill Alves}; 
   title = {Key Characteristics and Pitch Sets in Composing with Just Intonation}; 
   journal = {1/1: Journal of the Just Intonation Network}; 
   year = {1990}; 
   link = {http://www2.hmc.edu/~alves/justkeys.html}; 
   keyword = {temperamento}; 
   volume = {6}; 
   number = {3}; 
   pages = {1,6-8,14}; 
  file = {alves90:key};
}

@Article = {alves89:just,
   author = {Bill Alves}; 
   title = {The Just Intonation System of Nicola Vicentino}; 
   journal = {1/1: Journal of the Just Intonation Network}; 
   year = {1989}; 
   link = {http://www2.hmc.edu/~alves/vicentino.html}; 
   keyword = {temperamento}; 
   volume = {5}; 
   number = {2}; 
   pages = {8-13}; 
  file = {alves89:just};
}

@Article = {sethares93:relating,
   author = {William A. Sethares}; 
   title = {Relating Tuning and Timbre}; 
   journal = {Experimental Musical Instruments}; 
   year = {1993}; 
   link = {http://eceserv0.ece.wisc.edu/~sethares/consemi.html}; 
   annote = {A url contém uma reprodução do artigo publicado.}; 
   keyword = {temperamento}; 
   keyword = {timbre}; 
   volume = {9}; 
   number = {2}; 
   month = {12}; 
  file = {sethares93:relating};
}

@Article = {sethares02:real,
   author = {William A. Sethares}; 
   title = {Real-time adaptive tunings using MAX}; 
   journal = {Journal of New Music Research}; 
   year = {2002}; 
   link = {http://eceserv0.ece.wisc.edu/~sethares/paperspdf/adaptun2002.pdf}; 
   annote = {comenta implementação de algoritimo para temperamento adaptável em MAX}; 
   keyword = {temperamento}; 
   keyword = {temperamento adaptavel}; 
   volume = {31}; 
   number = {1}; 
   pages = {347--355}; 
  file = {sethares02:real};
}

@Article = {sethares98:consonance,
   author = {William A. Sethares}; 
   title = {Consonance based spectral mappings}; 
   journal = {Computer Music Journal}; 
   year = {1998}; 
   link = {http://eceserv0.ece.wisc.edu/~sethares/paperspdf/cmj98.pdf}; 
   keyword = {temperamento}; 
   keyword = {timbre}; 
   volume = {22}; 
   number = {1}; 
   pages = {56-72}; 
  file = {sethares98:consonance};
}

@Article = {sethares97:specifying,
   author = {William A. Sethares}; 
   title = {Specifying Spectra for Musical Scales}; 
   journal = {Journal of the Acoustical Society of America}; 
   year = {1997}; 
   link = {http://eceserv0.ece.wisc.edu/~sethares/paperspdf/specspec97.pdf}; 
   keyword = {tuning}; 
   volume = {102}; 
   number = {4}; 
   pages = {2422-2431}; 
   month = {10}; 
  file = {sethares97:specifying};
}

@Article = {sethares97:consonance,
   author = {William A. Sethares}; 
   title = {A consonance-based approach to the harpsichord tuning of Domenico Scarlatti}; 
   journal = {Journal of the Acoustical Society of America}; 
   year = {1997}; 
   link = {http://eceserv0.ece.wisc.edu/~sethares/paperspdf/sankey97.pdf}; 
   keyword = {temperamento}; 
   volume = {101}; 
   number = {4}; 
   pages = {2332-2337}; 
   month = {4}; 
  file = {sethares97:consonance};
}

@Article = {sethares94:adaptative,
   author = {William A. Sethares}; 
   title = {Adaptive tunings for musical scales}; 
   journal = {Journal of the Acoustical Society of America}; 
   year = {1994}; 
   link = {http://eceserv0.ece.wisc.edu/~sethares/paperspdf/adaptun.pdf}; 
   keyword = {temperamento}; 
   keyword = {temperamento adaptavel}; 
   volume = {96}; 
   number = {1}; 
   pages = {10-19}; 
   month = {7}; 
  file = {sethares94:adaptative};
}

@Article = {sethares93:consonance,
   author = {William A. Sethares}; 
   title = {Local consonance and the relationship between timbre and scale}; 
   journal = {Journal of the Acoustical Society of America}; 
   year = {1993}; 
   link = {http://eceserv0.ece.wisc.edu/~sethares/paperspdf/consonance.pdf}; 
   keyword = {temperamento}; 
   volume = {94}; 
   number = {3}; 
   pages = {1218-1228}; 
   month = {9}; 
  file = {sethares93:consonance};
}

@Article = {lehman00:keyboard,
   author = {Bradley Lehman}; 
   title = {Keyboard temperament analyzer/calculator}; 
   link = {http://www-personal.umich.edu/~bpl/temper.html}; 
   annote = {Fala sobre uma planilha que o autor criou para para analisar temperamentos em teclados. A planilha está em /home/kroger/pesquisa/temperamento/data/temper22.xls
}; 
   keyword = {temperamento}; 
   keyword = {planilha}; 
   keyword = {analise}; 
   month = {4}; 
   year = {2000}; 
  file = {lehman00:keyboard};
}

@Article = {lehman99:comparing,
   author = {Bradley Lehman}; 
   title = {Comparing the key characters in three temperaments}; 
   link = {http://www-personal.umich.edu/~bpl/temper-examples.html}; 
   annote = {The charts presented below contain the beat rates from the intervals that are available in three selected keyboard temperaments. I have chosen these three as representative samples of common styles of temperament (while other more extreme temperaments are also possible). Working upward from the bottom of this article, these beat rates are then used to assign integers to intervals and triads. These integers describe the relative purity of intonation using a 0 to 10 rating scale. This exercise is an attempt to quantify key character in a manner that (I hope) is easy to understand. All the number-crunching is an attempt to simplify concepts that look more complex on paper than they are to the ear.}; 
   keyword = {temperamento}; 
   keyword = {planilha}; 
   keyword = {analise}; 
   month = {3}; 
   year = {1999}; 
  file = {lehman99:comparing};
}

@Article = {wibberley96:josquin's,
   author = {Roger Wibberley}; 
   title = {Josquin's Ave Maria: Musica Ficta versus Mode}; 
   journal = {Music Theory Online}; 
   year = {1996}; 
   link = {http://boethius.music.ucsb.edu/mto/issues/mto.96.2.5//mto.96.2.5.wibberley.html}; 
   keyword = {tuning}; 
   keyword = {ficta}; 
   keyword = {Josquin}; 
   volume = {2}; 
   number = {5}; 
   month = {7}; 
  file = {wibberley96:josquin's};
}

@Article = {walker96:intonational,
   author = {Jonathan Walker}; 
   title = {Intonational Injustice: A Defense of Just Intonation in the Performance of Renaissance Polyphony }; 
   journal = {Music Theory Online}; 
   year = {1996}; 
   link = {http://boethius.music.ucsb.edu/mto/issues/mto.96.2.6/mto.96.2.6.walker.html}; 
   keyword = {temperamento}; 
   keyword = {Ptolemy}; 
   keyword = {Josquin}; 
   keyword = {Zarlino}; 
   volume = {2}; 
   number = {6}; 
   month = {9}; 
  file = {walker96:intonational};
}

@Article = {gann97:introduction,
   author = {Kyle Gann}; 
   title = {An Introduction to Historical Tunings}; 
   link = {http://www.kylegann.com/histune.html}; 
   keyword = {temperamento}; 
   year = {1997}; 
  file = {gann97:introduction};
}

@Article = {gann97:just,
   author = {Kyle Gann}; 
   title = {Just Intonation Explained}; 
   link = {http://www.kylegann.com/tuning.html}; 
   keyword = {temperamento}; 
   year = {1997}; 
  file = {gann97:just};
}

@Article = {gann97:anatomy,
   author = {Kyle Gann}; 
   title = {Anatomy of an Octave}; 
   link = {http://www.kylegann.com/Octave.html}; 
   keyword = {temperamento}; 
   year = {1997}; 
  file = {gann97:anatomy};
}

@Article = {wilson94:scale,
   author = {Erv Wilson}; 
   title = {The Scale Tree}; 
   link = {http://www.anaphoria.com/sctree.PDF}; 
   keyword = {tuning}; 
   year = {1994}; 
  file = {wilson94:scale};
}

@Article = {hartshorne33:collected,
   editor = {Charles Hartshorne and Paul Weiss and Arthur W. Burks}; 
   title = {Collected Papers of Charles Sanders Peirce}; 
   publisher = {Harvard University Press}; 
   year = {1933}; 
   annote = {Citado por Erv Wilson [wilson94:scale] como referência (p. 277-280 e 578-580)
}; 
   keyword = {tuning}; 
   volume = {4}; 
}

@Article = {terpstra:toward,
   author = {Siemen Terpstra}; 
   title = {TOWARD A THEORY OF MEANTONE (AND 31-ET) HARMONY}; 
   link = {http://www.xs4all.nl/~huygensf/doc/terp31.html}; 
   keyword = {temperamento}; 
  file = {terpstra:toward};
}

@Article = {terpstra93:arithmetical,
   author = {Siemen Terpstra }; 
   title = {An ARITHMETICAL RUBRIC attending the distribution of best multiple-divisions}; 
   link = {http://www.xs4all.nl/~huygensf/doc/terpstra.html}; 
   keyword = {temperamento}; 
   year = {1993}; 
  file = {terpstra93:arithmetical};
}

@Article = {breed:notating,
   author = {Graham Breed}; 
   title = {Notating and Keyboarding}; 
   link = {http://www.microtonal.co.uk/notakey.htm}; 
   keyword = {temperamento}; 
  file = {breed:notating};
}

@Article = {breed:5-limit,
   author = {Graham Breed}; 
   title = {5-limit scales}; 
   link = {http://www.microtonal.co.uk/genera.htm}; 
   annote = {A complete list of scales that fulfil certain criteria about 5-limit harmony.}; 
   keyword = {temperamento}; 
  file = {breed:5-limit};
}

@Article = {breed:7-limit,
   author = {Graham Breed}; 
   title = {7-limit scales}; 
   link = {http://www.microtonal.co.uk/blues.htm}; 
   annote = {Some 7-limit scales fulfilling similar criteria. Not a complete list, because there's so much variety in 7-limit harmony. Includes my "blues scales" which are well worth a listen.}; 
   keyword = {temperamento}; 
  file = {breed:7-limit};
}

@Article = {breed:lattices,
   author = {Graham Breed}; 
   title = {Lattices with Decimal Notation}; 
   link = {http://www.microtonal.co.uk/decimal_lattice.htm}; 
   annote = {I devised my decimal notation and lattice as a way of representing the revolutionary Miracle tuning discovered by Paul Erlich and Dave Keenan. This page shows some examples of existing scales adapted to this new notation that's ideally suited for 11-limit music.}; 
   keyword = {temperamento}; 
  file = {breed:lattices};
}

@Article = {breed:decimal,
   author = {Graham Breed}; 
   title = {Decimal Notation}; 
   link = {http://www.microtonal.co.uk/decimal_notation.htm}; 
   keyword = {temperamento}; 
  file = {breed:decimal};
}

@Article = {breed:meantone,
   author = {Graham Breed}; 
   title = {Meantone Temperaments}; 
   link = {http://www.microtonal.co.uk/meantone.htm}; 
   keyword = {temperamento}; 
  file = {breed:meantone};
}

@Article = {breed:miracle,
   author = {Graham Breed}; 
   title = {Miracle Temperaments}; 
   link = {http://www.microtonal.co.uk/miracle.htm}; 
   keyword = {temperamento}; 
  file = {breed:miracle};
}

@Article = {breed:schismic,
   author = {Graham Breed}; 
   title = {Schismic Temperaments}; 
   link = {http://www.microtonal.co.uk/schismic.htm}; 
   keyword = {temperamento}; 
  file = {breed:schismic};
}

@Article = {breed:diaschismic,
   author = {Graham Breed}; 
   title = {Diaschismic Scales}; 
   link = {http://www.microtonal.co.uk/diaschis.htm}; 
   keyword = {temperamento}; 
  file = {breed:diaschismic};
}

@Article = {breed:7+3,
   author = {Graham Breed}; 
   title = {7+3 Scales}; 
   link = {http://www.microtonal.co.uk/7plus3.htm}; 
   keyword = {temperamento}; 
  file = {breed:7+3};
}

@Article = {breed:fourth,
   author = {Graham Breed}; 
   title = {Fourth Based Keyboard Mapping}; 
   link = {http://www.microtonal.co.uk/schv12.htm}; 
   annote = {This is a way of getting a conventional keyboard to play precise, non-meantone scales. Have a look if you always thought extended mappings are too difficult.}; 
   keyword = {temperamento}; 
  file = {breed:fourth};
}

@Article = {breed:modified,
   author = {Graham Breed}; 
   title = {Modified Instruments}; 
   link = {http://www.microtonal.co.uk/instrum.htm}; 
   annote = {Demonstra alguns instrumentos modificados como uma guitarra e vários teclados}; 
   keyword = {temperamento}; 
  file = {breed:modified};
}

@Article = {breed:intervals,
   author = {Graham Breed}; 
   title = {Intervals in 31 note equal temperament}; 
   link = {http://www.microtonal.co.uk/31eq.htm}; 
   annote = {A table showing the ratio space interpretation of intervals now in the extended 11-limit.}; 
   keyword = {temperamento}; 
  file = {breed:intervals};
}

@Article = {breed:extra,
   author = {Graham Breed}; 
   title = {Extra stuff on tunings}; 
   link = {http://www.microtonal.co.uk/xtra.htm}; 
   annote = {Várias definições rápidas. üteis para entender alguns artigos do site.}; 
   keyword = {temperamentos}; 
  file = {breed:extra};
}

@Article = {breed:octave,
   author = {Graham Breed}; 
   title = {Octave Equivalent Music Lattices}; 
   link = {http://www.microtonal.co.uk/lattice.htm}; 
   keyword = {temperamento}; 
  file = {breed:octave};
}

@Article = {breed:tuning,
   author = {Graham Breed}; 
   title = {Tuning Matrices}; 
   link = {http://www.microtonal.co.uk/matrices.htm}; 
   keyword = {temperamento}; 
   keyword = {matrizes}; 
  file = {breed:tuning};
}

@Article = {breed:anomalous,
   author = {Graham Breed}; 
   title = {Anomalous Saturated Suspensions}; 
   link = {http://www.microtonal.co.uk/ass.htm}; 
   keyword = {temperamento}; 
  file = {breed:anomalous};
}

@Article = {breed:catalog,
   author = {Graham Breed}; 
   title = {Catalog of Linear Temperaments}; 
   link = {http://www.microtonal.co.uk/catalog.htm}; 
   keyword = {temperamento}; 
  file = {breed:catalog};
}

@Article = {breed:equal,
   author = {Graham Breed}; 
   title = {Equal Temperaments}; 
   link = {http://www.microtonal.co.uk/et.htm}; 
   keyword = {temperamento}; 
  file = {breed:equal};
}

@Article = {erlich98:tuning,,
   author = {Paul Erlich}; 
   title = {Tuning, Tonality, and Twenty-Two-Tone Temperament}; 
   journal = {Xenharmonikon}; 
   year = {1998}; 
   link = {http://www-math.cudenver.edu/~jstarret/22ALL.pdf}; 
   keyword = {temperamento}; 
   volume = {17}; 
   pages = {12-40}; 
  file = {erlich98:tuning,};
}

@Article = {tomes98:harmonics,
   author = {Ray Tomes}; 
   title = {Harmonics of the Universe}; 
   link = {http://homepages.ihug.co.nz/~ray.tomes/story.htm}; 
   keyword = {temperamento}; 
   keyword = {harmonicos}; 
   keyword = {harmonia do universo}; 
   year = {1998}; 
  file = {tomes98:harmonics};
}

@Article = {ray tomes96:harmonics,,
   author = {Ray Tomes, org.}; 
   title = {Harmonics, Music, Pythagoras and the Universe}; 
   link = {http://homepages.ihug.co.nz/~ray.tomes/alex.htm}; 
   annote = {Segundo o autor: "The following is text has been produced with permission of the participants from conversations that took place in the group Alexandria City in August 1996. The discussion group is based on the city of Alexandria and so is a centre for anything relating to philosophy, history, music, mathematics or cosmology with particular reference to Greek knowledge. The main participants in this particular discussion were the listmistress of Alexandria, Cynndara Morgan, Andrew Green, Joseph Milne, and me, Ray Tomes. Several others also participate.

This first part contains my presentation and the following 3 pages have the discussion."}; 
   keyword = {temperamento}; 
   keyword = {harmonicos}; 
   keyword = {harmonia do universo}; 
   keyword = {pitagoras}; 
   year = {1996}; 
  file = {ray tomes96:harmonics,};
}

@Article = {tomes:automatic,
   author = {Ray Tomes}; 
   title = {Automatic Just Intonation}; 
   link = {http://homepages.ihug.co.nz/~ray.tomes/aji.htm}; 
   keyword = {temperamento}; 
   keyword = {temperamento ajustavel}; 
  file = {tomes:automatic};
}

@Article = {overtion:distinctions,
   author = {Ken Overtion}; 
   title = {Distinctions Between Just-tuned Key Areas Within Musical Contexts}; 
   link = {http://eamusic.dartmouth.edu/~kov/lerdahl/tuningPaper.html}; 
   keyword = {temperamento}; 
  file = {overtion:distinctions};
}

@Article = {asmussen97:tuning,
   author = {Robert Asmussen}; 
   title = {Tuning by Ratios}; 
   link = {http://www.leeds.ac.uk/music/studio/rproj_swss/tuning/httoc.htm}; 
   keyword = {temperamento}; 
   year = {1997}; 
  file = {asmussen97:tuning};
}

@Article = {ozzard-low:21st,
   author = {Patrick Ozzard-Low}; 
   title = {21st Century Orchestral Instruments: Acoustic instruments for alternative tuning systems}; 
   institution = {ALTERNATIVE TUNING PROJECTS, UK in association with LONDON GUILDHALL UNIVERSITY }; 
   link = {http://www.c21-orch-instrs.demon.co.uk/}; 
   keyword = {temperamento}; 
   keyword = {instrumentos}; 
   note = {1997}; 
  file = {ozzard-low:21st};
}

@Article = {allen97:notation,
   author = {John S. Allen}; 
   title = {Notation for microtonal scales, part 1}; 
   link = {http://www.bikexprt.com/music/notation.htm}; 
   keyword = {temperamento}; 
   keyword = {notacao}; 
   year = {1997}; 
  file = {allen97:notation};
}

@Article = {allen97:rabbits,,
   author = {John S. Allen}; 
   title = {On Rabbits, Mathematics and Musical Scales}; 
   link = {http://www.bikexprt.com/tunings/fibonaci.htm}; 
   keyword = {temperamento}; 
   keyword = {matematica e musica}; 
   keyword = {fibonacci}; 
   year = {1997}; 
  file = {allen97:rabbits,};
}

@Article = {allen03:equal,
   author = {John S. Allen}; 
   title = {Equal temperaments as mathematical series}; 
   link = {http://www.bikexprt.com/tunings/tunings0.htm}; 
   keyword = {temperamento}; 
   keyword = {matematica e musica}; 
   year = {2003}; 
  file = {allen03:equal};
}

@Article = {allen97:defining,
   author = {John S. Allen}; 
   title = {Defining octaves separately from steps within the octave}; 
   link = {http://www.bikexprt.com/tunings/tunings1.htm}; 
   keyword = {temperamento}; 
   keyword = {matematica e musica}; 
   year = {1997}; 
  file = {allen97:defining};
}

@Article = {allen03:some,
   author = {John S. Allen}; 
   title = {Some applications of the two-dimensional tuning matrix}; 
   link = {http://www.bikexprt.com/tunings/tunings2.htm}; 
   keyword = {temperamento}; 
   keyword = {matematica e musica}; 
   year = {2003}; 
  file = {allen03:some};
}

@Article = {allen03:matrix,
   author = {John S. Allen}; 
   title = {Matrix tunings and the permutation lattice}; 
   link = {http://www.bikexprt.com/tunings/tunings3.htm}; 
   keyword = {temperamento}; 
   keyword = {matematica e musica}; 
   keyword = {lattice}; 
   year = {2003}; 
  file = {allen03:matrix};
}

@Article = {allen97:rethinking,
   author = {John S. Allen}; 
   title = {Rethinking the music keyboard}; 
   link = {http://www.bikexprt.com/music/keyboard.htm}; 
   keyword = {temperamento}; 
   keyword = {instrumentos}; 
   year = {1997}; 
  file = {allen97:rethinking};
}

@Article = {allen97:refining,
   author = {John S. Allen}; 
   title = {Refining traditional music keyboard design}; 
   link = {http://www.bikexprt.com/music/refine.htm}; 
   keyword = {temperamento}; 
   keyword = {instrumentos}; 
   year = {1997}; 
  file = {allen97:refining};
}

@Article = {allen97:general,
   author = {John S. Allen}; 
   title = {The general keyboard in the age of MIDI}; 
   link = {http://www.bikexprt.com/music/bosanqet.htm}; 
   keyword = {temperamento}; 
   keyword = {instrumentos}; 
   year = {1997}; 
  file = {allen97:general};
}

@Article = {anonimo:microtonal,
   author = {Anônimo}; 
   title = {Microtonal Scales}; 
   annote = {Lista com diversas escalas, bom para usar as frequências em algum programa como csound. Bom como referência rápida.}; 
   keyword = {temperamento}; 
  file = {anonimo:microtonal};
}

@Article = {scholtz98:algorithms,
   author = {Kenneth P. Scholtz}; 
   title = {Algorithms for Mapping Diatonic Keyboard Tunings and Temperaments}; 
   journal = {Music Theory Online}; 
   year = {1998}; 
   link = {http://boethius.music.ucsb.edu/mto/issues/mto.98.4.4/toc.4.4.html}; 
   keyword = {temperamento}; 
   keyword = {instrumentos}; 
   keyword = {teclado}; 
   volume = {4}; 
   number = {4}; 
  file = {scholtz98:algorithms};
}

@Article = {bohlen03:history,,
   author = {Heinz Bohlen}; 
   title = {BP History, Literature and Compositions}; 
   link = {http://members.aol.com/bpsite/references2.html}; 
   keyword = {temperamento}; 
   keyword = {Bohlen-Pierce}; 
   year = {2003}; 
  file = {bohlen03:history,};
}

@Article = {bohlen03:names,
   author = {Heinz Bohlen}; 
   title = {BP Names and Definitions}; 
   link = {http://members.aol.com/bpsite/names.html}; 
   keyword = {temperamento}; 
   keyword = {Bohlen-Pierce}; 
   year = {2003}; 
  file = {bohlen03:names};
}

@Article = {bohlen03:scale,
   author = {Heinz Bohlen}; 
   title = {BP Scale Structures}; 
   link = {http://members.aol.com/bpsite/scales.html}; 
   keyword = {temperamento}; 
   keyword = {Bohlen-Pierce}; 
   year = {2003}; 
  file = {bohlen03:scale};
}

@Article = {site02:interval,
   author = {Heinz Bohlen}; 
   title = {BP Interval Properties}; 
   link = {http://members.aol.com/bpsite/intervals.html}; 
   keyword = {temperamento}; 
   keyword = {Bohlen-Pierce}; 
   year = {2002}; 
  file = {site02:interval};
}

@Article = {site04:tuning,
   author = {Heinz Bohlen}; 
   title = {BP Tuning and Instruments}; 
   link = {http://members.aol.com/bpsite/tuning.html}; 
   keyword = {temperamento}; 
   keyword = {Bohlen-Pierce}; 
   year = {2004}; 
  file = {site04:tuning};
}

@Article = {bohlen04:'pythagorean',
   author = {Heinz Bohlen}; 
   title = {On 'Pythagorean' Scale Derivation}; 
   link = {http://members.aol.com/bpsite/pythagorean.html}; 
   keyword = {temperamento}; 
   keyword = {Bohlen-Pierce}; 
   year = {2004}; 
  file = {bohlen04:'pythagorean'};
}

@Article = {benson03:mathematics,
   author = {Dave Benson}; 
   title = {Mathematics and Music}; 
   link = {http://www.math.uga.edu/~djb/html/music-hq.pdf}; 
   keyword = {temperamento}; 
   keyword = {matematica e musica}; 
   year = {2003}; 
  file = {benson03:mathematics};
}

@Article = {ouvrard98:zarlino,
   author = {Yves Ouvrard and Jean-Pierre Vidal and Olivier Bettens}; 
   title = {ZARLINO
Justesse a cappella à la Renaissance}; 
   link = {http://virga.org/zarlino/}; 
   keyword = {temperamento}; 
   keyword = {zarlino}; 
   year = {1998}; 
  file = {ouvrard98:zarlino};
}

@Article = {rahn98:practical,
   author = {Jay Rahn}; 
   title = {Practical Aspects of Marchetto's Tuning}; 
   journal = {Music Theory Online}; 
   year = {1998}; 
   link = {http://www.smt.ucsb.edu/mto/issues/mto.98.4.6/mto.98.4.6.rahn.html}; 
   keyword = {temperamento}; 
   volume = {4}; 
   number = {6}; 
  file = {rahn98:practical};
}

@Article = {denckla97:dynamic,
   author = {Denckla, Benjamin Frederick}; 
   title = {Dynamic Intonation in Synthesizer Performance}; 
   school = {Massachusetts Institute of Technology}; 
   year = {1997}; 
   whereis = {Compilação temperamento}; 
   link = {http://xenia.media.mit.edu/~bdenckla/thesis/texts/htthe/main.html}; 
   keyword = {temperamento}; 
   keyword = {temperamento adaptavel}; 
}

@Article = {coul:tuning,
   link = {http://www.xs4all.nl/~huygensf/doc/bib.html}; 
   annote = {Extensa bibliografia compilada por  Manuel op de Coul}; 
   keyword = {temperamento}; 
   author = {Manuel Op de Coul and Brian McLaren and Franck Jedrzejewski and Dominique Devie}; 
   title = {Tuning and temperament bibliography}; 
   howpublished = {Internet}; 
  file = {coul:tuning};
}

@Article = {kopiez03:intonation,
   author = {Kopiez, Reinhard}; 
   title = {Intonation of Harmonic Intervals: Adaptability of Expert Musicians to Equal Temperament and Just Intonation}; 
   journal = {Music Perception}; 
   year = {2003}; 
   annote = {Ele faz um estudo com trompetistas para ver se eles adaptam a afinação aos sistemas temperado e justo. Contudo, na minha opnião, não é conclusivo porque só usou 2 sujeitos! ainda assim ele tira conclusões.}; 
   keyword = {temperamento}; 
   volume = {20}; 
   number = {4}; 
   pages = {383--410}; 
  file = {kopiez03:intonation};
}

@Article = {marvinsi:effect,
   author = {Elizabeth Marvin and Aleck Brinkman}; 
   title = {The Effect of Key Color and Timbre on Absolute-Pitch Recognition in Musical Contexts}; 
   journal = {Music Perception}; 
   year = {Music Perception}; 
   whereis = {2000}; 
   keyword = {perfect pitch}; 
   volume = {18}; 
   number = {2}; 
   pages = {111-137}; 
  file = {marvinsi:effect};
}

@Article = {laubier98:meta-instrument,
   author = {Serge de Laubier}; 
   title = {The Meta-Instrument }; 
   journal = {Computer Music Journal}; 
   year = {1998}; 
   keyword = {computer music}; 
   volume = {22}; 
   number = {1}; 
   pages = {25-29}; 
  file = {laubier98:meta-instrument};
}

@Article = {haken98:indiscrete,
   author = {Lippold Haken and Ed Tellman and Patrick Wolfe}; 
   title = {An Indiscrete Music Keyboard}; 
   journal = {Computer Music Journal}; 
   year = {1998}; 
   keyword = {computer music}; 
   keyword = {temperamento;instrumentos}; 
   volume = {22}; 
   number = {1}; 
   pages = {30-48}; 
  file = {haken98:indiscrete};
}

@Article = {sethares98:consonance-based,
   author = {William Sethares}; 
   title = {Consonance-Based Spectral Mappings }; 
   journal = {Computer Music Journal}; 
   year = {1998}; 
   keyword = {computer music}; 
   keyword = {tuning}; 
   keyword = {consonancia}; 
   volume = {22}; 
   number = {1}; 
   pages = {56-72}; 
  file = {sethares98:consonance-based};
}

@Article = {fascicolo01:simulazione,
   author = {Fascicolo, V. M.}; 
   title = {Simulazione della musica greca antica con il Mathematica}; 
   school = {Università degli Studi di Bari}; 
   year = {2001}; 
   link = {http://tesionline.corriere.it/default/tesi.asp?idt=5424}; 
   annote = {Vi apenas alguns trechos, não parece ser particularmente bem feita, mas pode valer apena ter. Custa 24 Euros.}; 
   keyword = {temperamento}; 
   keyword = {musica grega}; 
}

@Article = {gould00:balzano,
   author = {Gould, Mark}; 
   title = {Balzano and Zweifel: Another Look at Generalized Diatonic Scales}; 
   journal = {Perspectives of New Music}; 
   year = {2000}; 
   annote = {Interessante artigo sobre utilização composicional de escalas e sistemas de temperamento.}; 
   keyword = {temperamento}; 
   keyword = {escalas}; 
   volume = {38}; 
   number = {2}; 
   pages = {88-105}; 
  file = {gould00:balzano};
}

@Article = {neal00:art,
   author = {Simon Neal}; 
   title = {The Art and Science of Keyboard Temperament}; 
   journal = {#cmr}; 
   year = {2000}; 
   annote = {Ilustra temperamentos de modo que eles possam ser usados na prática de teclado contemporânea.}; 
   keyword = {temperamento}; 
   keyword = {teclados}; 
   volume = {19}; 
   number = {4}; 
   pages = {159--171}; 
  file = {neal00:art};
}

@Article = {brattico02:context,
   author = {Elvira Brattico and Risto Näätänen and Mari Tervaniemi}; 
   title = {Context effects on pitch perception in musicians and non-musicians: Evidence from ERP recordings}; 
   journal = {Music Perception}; 
   year = {2002}; 
   keyword = {perfect pitch}; 
   volume = {19}; 
   number = {2}; 
   pages = {199-222}; 
  file = {brattico02:context};
}

@Article = {schneider00:inharmonic,
   author = {Albrecht Schneider}; 
   title = {Inharmonic Sounds: Implications as to "Pitch", "Timbre" and "Consonance"}; 
   journal = {Journal of New Music Research}; 
   year = {2000}; 
   keyword = {temperamento}; 
   keyword = {percepcao}; 
   keyword = {consonancia}; 
   volume = {29}; 
   number = {4}; 
   pages = {275--301}; 
  file = {schneider00:inharmonic};
}

@Article = {akkoc02:non-deterministic,
   author = {Can Akkoç}; 
   title = {Non-Deterministic Scales Used in Traditional Turkish Music}; 
   journal = {Journal of New Music Research}; 
   year = {2002}; 
   annote = {Pesquisa a fundação matematica de escalas turcas baseado na gravação e análise. Traz tabela com nome de notas de uma escala com frequencias em Hertz.}; 
   keyword = {temperamento}; 
   volume = {31}; 
   number = {4}; 
   pages = {285--293}; 
  file = {akkoc02:non-deterministic};
}

@Article = {jarvelaïnen02:perception,
   author = {Jarvelaïnen, Hanna and Tony Verma and Vesa Välimäki}; 
   title = {Perception and Adjustment of Pitch in Inharmonic String Instrument Tones}; 
   journal = {Journal of New Music Research}; 
   year = {2002}; 
   keyword = {percepcao}; 
   volume = {31}; 
   number = {4}; 
   pages = {311--319}; 
  file = {jarvelaïnen02:perception};
}

@Article = {freed00:new,
   author = {Adrian Freed and Rimas Avizienis}; 
   title = {A New Music Keyboard with Continuous Key-Position Sensing and High-Speed Communication}; 
   booktitle = {#icmc 2000}; 
   year = {2000}; 
   keyword = {temperamento}; 
   keyword = {instrumentos}; 
   pages = {515--518}; 
   address = {San Francisco}; 
   publisher = {#cma}; 
  file = {freed00:new};
}

@Article = {tiella03:musical,
   author = {Marco Tiella}; 
   title = {Musical experience gained through working with the archicembalo reconstruction of the chromatic-enharmonic instrument from N. Vicentino, L'Antica Musica Ridotta alla Moderna Prattica, Barre, Roma 1555}; 
   booktitle = {Early Music: Context and Ideas}; 
   year = {2003}; 
   link = {http://www.muzykologia.uj.edu.pl/conference/papers.html}; 
   annote = {Artigos da conferência disponíveis na URL citada.}; 
   keyword = {temperamento}; 
   keyword = {instrumentos}; 
  file = {tiella03:musical};
}

@Article = {wright98:implementation,
   author = {Matthew Wright}; 
   title = {Implementation and Performance Issues with OpenSound Control}; 
   booktitle = {#icmc 1998}; 
   year = {1998}; 
   keyword = {computer music}; 
   pages = {224--227}; 
   address = {San Francisco}; 
   publisher = {#cma}; 
  file = {wright98:implementation};
}

@Article = {cartwright02:aesthetics,,
   author = {Julyan H. E. Cartwright and Diego L. González and Oreste Piro and Domenico Stanzial}; 
   title = {Aesthetics, Dynamics, and Musical Scales: A Golden Connection}; 
   journal = {Journal of New Music Research}; 
   year = {2002}; 
   annote = {Propõe escalas formadas a partir da seção aurea mas com sistema de temperamento próprio, proximo do temperamento igual.}; 
   keyword = {temperamento}; 
   volume = {31}; 
   number = {1}; 
   pages = {51--58}; 
  file = {cartwright02:aesthetics,};
}

@Article = {erlich01:forms,
   author = {Paul Erlich}; 
   title = {The Forms of Tonality: a preview}; 
   link = {http://lumma.org/tuning/erlich/erlich-tFoT.pdf}; 
   annote = {Ilustra os conceitos de lattices, escalas, peridiocidade e sistema de notação para limite-5 e limite-7.}; 
   keyword = {temperamento}; 
   year = {2001}; 
  file = {erlich01:forms};
}

@Article = {code02:groven.max:,
   author = {David Løberg Code}; 
   title = {Groven.Max: An Adaptive Tuning System for MIDI Pianos}; 
   journal = {Computer Music Journal}; 
   year = {2002}; 
   keyword = {temperamento}; 
   volume = {26}; 
   number = {2}; 
   pages = {50--61}; 
  file = {code02:groven.max:};
}

@Article = {gräf02:musical,
   author = {Albert Gräf}; 
   title = {Musical scale rationalization a graph-theoretic approach}; 
   school = {Johannes Gutenberg-University Mainz}; 
   year = {2002}; 
   annote = {Fala sobre lattice, implementa um programa scale que aceita arquivos do scala como entrada.}; 
   keyword = {temperamento}; 
  file = {gräf02:musical};
}

@Article = {asmussen01:periodicity,
   author = {Robert Asmussen}; 
   title = {Periodicity of sinusoidal frequencies as a basis for the analysis of Baroque and Classical harmony: a computer based study}; 
   school = {The University of Leeds}; 
   year = {2001}; 
   keyword = {temperamento}; 
  file = {asmussen01:periodicity};
}

@Article = {buchler00:broken,
   author = {Buchler, Michael}; 
   title = {Broken and Unbroken Interval Cycles and Their Use in Determining Pitch-Class Set Resemblance}; 
   journal = {Perspectives of New Music}; 
   year = {2000}; 
   keyword = {temperamento}; 
   volume = {38}; 
   number = {2}; 
   pages = {52--87}; 
  file = {buchler00:broken};
}

@Article = {wright97:open,
   author = {Matthew Wright and Adrian Freed}; 
   title = {Open SoundControl: A New Protocol for Communicating with Sound Synthesizers}; 
   booktitle = {#proc 1997}; 
   year = {1997}; 
   keyword = {temperamento}; 
   pages = {101--104}; 
   address = {San Francisco}; 
   organization = {#cma}; 
  file = {wright97:open};
}

@Article = {doty02:just,
   author = {David B. Doty}; 
   title = {The Just Intonation Primer}; 
   publisher = {The Just Intonation Network}; 
   year = {2002}; 
   keyword = {temperamento}; 
   address = {San Francisco}; 
}

@Article = {doty02:just,
   author = {David B. Doty}; 
   title = {The Just Intonation Primer}; 
   publisher = {The Just Intonation Network}; 
   year = {2002}; 
   keyword = {temperamento}; 
   address = {San Francisco}; 
}

@Article = {breed:miracle,
   author = {Graham Breed}; 
   title = {Miracle keyboard mappings}; 
   link = {http://www.microtonal.co.uk/miracle/keyboard.html}; 
   keyword = {temperamento}; 
  file = {breed:miracle};
}

@Article = {burt98:adventures,
   keyword = {temperamento}; 
   title = {Adventures in Scale Generation Along a Wilsonian Path, Part 1}; 
   journal = {1/1, the Journal of the Just Intonation Network}; 
   author = { Warren Burt}; 
   number = {1}; 
   volume = {10}; 
   year = {1998}; 
}

@Article = {doty88:abundance,
   keyword = {temperamento}; 
   title = {An Abundance of Thirds}; 
   journal = {1/1, the Journal of the Just Intonation Network}; 
   author = { David B Doty}; 
   number = {2}; 
   volume = {4}; 
   year = {1988}; 
}

@Article = {siegel87:algorithmic,
   keyword = {temperamento}; 
   title = {Algorithmic Tuning Via MIDI}; 
   journal = {1/1, the Journal of the Just Intonation Network}; 
   author = { R Siegel}; 
   number = {4}; 
   volume = {3}; 
   year = {1987}; 
}

@Article = {sloper88:aliquot,
   keyword = {temperamento}; 
   title = {Aliquot Scales}; 
   journal = {1/1, the Journal of the Just Intonation Network}; 
   author = { Michael Sloper}; 
   number = {1}; 
   volume = {4}; 
   year = {1988}; 
}

@Article = {waage88:anomalies,
   keyword = {temperamento}; 
   title = {Anomalies in Chords Derived from Chains of Thirds}; 
   journal = {1/1, the Journal of the Just Intonation Network}; 
   author = { Harold Waage}; 
   number = {3}; 
   volume = {4}; 
   year = {1988}; 
}

@Article = {doty89:anomalous,
   keyword = {temperamento}; 
   title = {Anomalous Pairs in "Paradigms Lost"}; 
   journal = {1/1, the Journal of the Just Intonation Network}; 
   author = { David B Doty}; 
   number = {1}; 
   volume = {5}; 
   year = {1989}; 
}

@Article = {chalmers94:anticipation,
   keyword = {temperamento}; 
   title = {An Anticipation of the Partch Diamond in Augosto Navarro's SystemaNatural Base del Natural-Aproximado (1927)}; 
   journal = {1/1, the Journal of the Just Intonation Network}; 
   author = { John H Chalmers}; 
   number = {2}; 
   volume = {8}; 
   year = {1994}; 
}

@Article = {doty86:assortment,
   keyword = {temperamento}; 
   title = {An Assortment of Commas (and Other Irritants) * (chart}; 
   journal = {1/1, the Journal of the Just Intonation Network}; 
   author = { David B Doty}; 
   number = {1}; 
   volume = {2}; 
   year = {1986}; 
}

@Article = {harrison91:blessed,
   keyword = {temperamento}; 
   title = {Blessed Be Translators, for They Give Us Worlds}; 
   journal = {1/1, the Journal of the Just Intonation Network}; 
   author = { Lou Harrison}; 
   number = {1}; 
   volume = {7}; 
   year = {1991}; 
}

@Article = {schneider94:bringing,
   keyword = {temperamento}; 
   title = {Bringing Back Barstow}; 
   journal = {1/1, the Journal of the Just Intonation Network}; 
   author = { John Schneider}; 
   number = {4}; 
   volume = {8}; 
   year = {1994}; 
}

@Article = {polansky90:canon,
   keyword = {temperamento}; 
   title = {Canon for Flute* (Score}; 
   journal = {1/1, the Journal of the Just Intonation Network}; 
   author = { Larry Polansky}; 
   number = {2}; 
   volume = {6}; 
   year = {1990}; 
}

@Article = {ayers95:chinese,
   keyword = {temperamento}; 
   title = {The Chinese Connection: Harry Partch and the Li Po Settings}; 
   journal = {1/1, the Journal of the Just Intonation Network}; 
   author = { Lydia Ayers}; 
   number = {2}; 
   volume = {9}; 
   year = {1995}; 
}

@Article = {oldani90:classical,
   keyword = {temperamento}; 
   title = {Classical Techniques Revisited}; 
   journal = {1/1, the Journal of the Just Intonation Network}; 
   author = { Norbert L Oldani}; 
   number = {2}; 
   volume = {6}; 
   year = {1990}; 
}

@Article = {harrison89:cloverleaf,
   keyword = {temperamento}; 
   title = {Cloverleaf}; 
   journal = {1/1, the Journal of the Just Intonation Network}; 
   author = { Lou Harrison}; 
   number = {2}; 
   volume = {5}; 
   year = {1989}; 
}

@Article = {chalmers92:compendium,
   keyword = {temperamento}; 
   title = {A Compendium of Twelve-tone Scales in Five-limit Just Intonation}; 
   journal = {1/1, the Journal of the Just Intonation Network}; 
   author = { John H Chalmers}; 
   number = {4}; 
   volume = {7}; 
   year = {1992}; 
}

@Article = {frantz88:composing,
   keyword = {temperamento}; 
   title = {Composing in Scaleless Space}; 
   journal = {1/1, the Journal of the Just Intonation Network}; 
   author = { Glen Frantz}; 
   number = {1}; 
   volume = {4}; 
   year = {1988}; 
}

@Article = {polansky85:confessions,
   keyword = {temperamento}; 
   title = {Confessions of a Lousy Carpenter}; 
   journal = {1/1, the Journal of the Just Intonation Network}; 
   author = { Larry Polansky}; 
   number = {1}; 
   volume = {1}; 
   year = {1985}; 
}

@Article = {terpstra91:correspondence,
   keyword = {temperamento}; 
   title = {Correspondence (concerning W.D. Mohr's "Five")}; 
   journal = {1/1, the Journal of the Just Intonation Network}; 
   author = { Siemen Terpstra}; 
   number = {2}; 
   volume = {7}; 
   year = {1991}; 
}

@Article = {j96:correspondence,
   keyword = {temperamento}; 
   title = {Correspondence (More about Notation)}; 
   journal = {1/1, the Journal of the Just Intonation Network}; 
   author = {Daniel J}; 
   number = {3}; 
   volume = {9}; 
   year = {1996}; 
}

@Article = {massey88:creating,
   keyword = {temperamento}; 
   title = {Creating an Acoustic Ensemble}; 
   journal = {1/1, the Journal of the Just Intonation Network}; 
   author = { James G Massey}; 
   number = {4}; 
   volume = {4}; 
   year = {1988}; 
}

@Article = {s94:dream,
   keyword = {temperamento}; 
   title = {Dream Analysis}; 
   journal = {1/1, the Journal of the Just Intonation Network}; 
   author = { Sandy McCrosky}; 
   number = {3}; 
   volume = {8}; 
   year = {1994}; 
}

@Article = {doty87:dx7,
   keyword = {temperamento}; 
   title = {The DX7 II: A First Look}; 
   journal = {1/1, the Journal of the Just Intonation Network}; 
   author = { David B Doty}; 
   number = {4}; 
   volume = {3}; 
   year = {1987}; 
}

@Article = {scholz87:evaluation,
   keyword = {temperamento}; 
   title = {The E! Evaluation}; 
   journal = {1/1, the Journal of the Just Intonation Network}; 
   author = { Carter Scholz}; 
   number = {4}; 
   volume = {3}; 
   year = {1987}; 
}

@Article = {doty85:editorial,
   keyword = {temperamento}; 
   title = {Editorial}; 
   journal = {1/1, the Journal of the Just Intonation Network}; 
   author = { David B Doty}; 
   number = {1}; 
   volume = {1}; 
   year = {1985}; 
}

@Article = {siegel90:emancipation,
   keyword = {temperamento}; 
   title = {The Emancipation of the Higher Harmonic}; 
   journal = {1/1, the Journal of the Just Intonation Network}; 
   author = { Jules Siegel}; 
   number = {2}; 
   volume = {6}; 
   year = {1990}; 
}

@Article = {siegel90:emu,
   keyword = {temperamento}; 
   title = {Emu Proteus for Just Intonation}; 
   journal = {1/1, the Journal of the Just Intonation Network}; 
   author = { Jules Siegel}; 
   number = {2}; 
   volume = {6}; 
   year = {1990}; 
}

@Article = {rush94:enhanced,
   keyword = {temperamento}; 
   title = {The Enhanced Piano}; 
   journal = {1/1, the Journal of the Just Intonation Network}; 
   author = { Loren Rush}; 
   number = {2}; 
   volume = {8}; 
   year = {1994}; 
}

@Article = {rich88:ensoniq,
   keyword = {temperamento}; 
   title = {Ensoniq EPS: A New Toy in Town}; 
   journal = {1/1, the Journal of the Just Intonation Network}; 
   author = { Robert Rich}; 
   number = {3}; 
   volume = {4}; 
   year = {1988}; 
}

@Article = {grady91:ervin,
   keyword = {temperamento}; 
   title = {Ervin Wilson's Hexany}; 
   journal = {1/1, the Journal of the Just Intonation Network}; 
   author = { Kraig Grady}; 
   number = {1}; 
   volume = {7}; 
   year = {1991}; 
}

@Article = {gilmore86:european,
   keyword = {temperamento}; 
   title = {A European Perspective on Partch}; 
   journal = {1/1, the Journal of the Just Intonation Network}; 
   author = { Bob Gilmore}; 
   number = {1}; 
   volume = {2}; 
   year = {1986}; 
}

@Article = {hill88:example,
   keyword = {temperamento}; 
   title = {An Example of the 48:49 Sixth-tone Step}; 
   journal = {1/1, the Journal of the Just Intonation Network}; 
   author = { Ralph David Hill}; 
   number = {4}; 
   volume = {4}; 
   year = {1988}; 
}

@Article = {rich93:features,
   keyword = {temperamento}; 
   title = {Features of Tunable MIDI Synthesizers}; 
   journal = {1/1, the Journal of the Just Intonation Network}; 
   author = { Robert Rich}; 
   number = {1}; 
   volume = {8}; 
   year = {1993}; 
}

@Article = {canright90:fibonacci,
   keyword = {temperamento}; 
   title = {Fibonacci Gamelan Rhythms}; 
   journal = {1/1, the Journal of the Just Intonation Network}; 
   author = { David Canright}; 
   number = {4}; 
   volume = {6}; 
   year = {1990}; 
}

@Article = {mohr90:"five":,
   keyword = {temperamento}; 
   title = {"Five": A Tuning Exercise}; 
   journal = {1/1, the Journal of the Just Intonation Network}; 
   author = { W Mohr}; 
   number = {3}; 
   volume = {6}; 
   year = {1990}; 
}

@Article = {wolf90:four,
   keyword = {temperamento}; 
   title = {Four Tunings for Sound Environments}; 
   journal = {1/1, the Journal of the Just Intonation Network}; 
   author = { Daniel Wolf}; 
   number = {3}; 
   volume = {6}; 
   year = {1990}; 
}

@Article = {canright00:fret,
   keyword = {temperamento}; 
   title = {Fret Choices for Just Intonation Guitars (or Fretting About Fretting)}; 
   journal = {1/1, the Journal of the Just Intonation Network}; 
   author = { David Canright}; 
   number = {3}; 
   volume = {10}; 
   year = {2000}; 
}

@Article = {doty94:from,
   keyword = {temperamento}; 
   title = {From the Editor?Harry Partch and the Just Intonation Network}; 
   journal = {1/1, the Journal of the Just Intonation Network}; 
   author = { David B Doty}; 
   number = {4}; 
   volume = {8}; 
   year = {1994}; 
}

@Article = {doty01:from,
   keyword = {temperamento}; 
   title = {From the Editor?Microfest 2001 and Other Matters}; 
   journal = {1/1, the Journal of the Just Intonation Network}; 
   author = { David B Doty}; 
   number = {4}; 
   volume = {10}; 
   year = {2001}; 
}

@Article = {doty94:from,
   keyword = {temperamento}; 
   title = {From the Editor?State of the Network, January 1994}; 
   journal = {1/1, the Journal of the Just Intonation Network}; 
   author = { David B Doty}; 
   number = {2}; 
   volume = {8}; 
   year = {1994}; 
}

@Article = {anderson85:glen,
   keyword = {temperamento}; 
   title = {Glen Branca and the Harmonic Series}; 
   journal = {1/1, the Journal of the Just Intonation Network}; 
   author = { Carola B Anderson}; 
   number = {1}; 
   volume = {1}; 
   year = {1985}; 
}

@Article = {polansky85:guest,
   keyword = {temperamento}; 
   title = {Guest Editorial}; 
   journal = {1/1, the Journal of the Just Intonation Network}; 
   author = { Larry Polansky}; 
   number = {2}; 
   volume = {1}; 
   year = {1985}; 
}

@Article = {canright88:harmonic-melodic,
   keyword = {temperamento}; 
   title = {Harmonic-Melodic Diagrams}; 
   journal = {1/1, the Journal of the Just Intonation Network}; 
   author = { David Canright}; 
   number = {2}; 
   volume = {4}; 
   year = {1988}; 
}

@Article = {chalmers92:harmonic,
   keyword = {temperamento}; 
   title = {Harmonic and Subharmonic Versions of Kathleen Schlesinger's Harmoniai}; 
   journal = {1/1, the Journal of the Just Intonation Network}; 
   author = { John H Chalmers}; 
   number = {3}; 
   volume = {7}; 
   year = {1992}; 
}

@Article = {fonville91:harmonic,
   keyword = {temperamento}; 
   title = {Harmonic Resources of Extended Just Intonation}; 
   journal = {1/1, the Journal of the Just Intonation Network}; 
   author = { John Fonville}; 
   number = {2}; 
   volume = {7}; 
   year = {1991}; 
}

@Article = {rich87:harmonic,
   keyword = {temperamento}; 
   title = {Harmonic Scales for Guitar}; 
   journal = {1/1, the Journal of the Just Intonation Network}; 
   author = { Robert Rich}; 
   number = {1}; 
   volume = {3}; 
   year = {1987}; 
}

@Article = {schwartz94:harry,
   keyword = {temperamento}; 
   title = {Harry Partch in the Secret History of the West Coast}; 
   journal = {1/1, the Journal of the Just Intonation Network}; 
   author = { Stephen Schwartz}; 
   number = {4}; 
   volume = {8}; 
   year = {1994}; 
}

@Article = {maxwell86:heavenly,
   keyword = {temperamento}; 
   title = {Heavenly Harmony}; 
   journal = {1/1, the Journal of the Just Intonation Network}; 
   author = { Miles Maxwell}; 
   number = {3}; 
   volume = {2}; 
   year = {1986}; 
}

@Article = {schneider92:history,
   keyword = {temperamento}; 
   title = {A History of the Just Guitar}; 
   journal = {1/1, the Journal of the Just Intonation Network}; 
   author = { John Schneider}; 
   number = {3}; 
   volume = {7}; 
   year = {1992}; 
}

@Article = {polansky87:hmsl,
   keyword = {temperamento}; 
   title = {The HMSL Intonation Environment}; 
   journal = {1/1, the Journal of the Just Intonation Network}; 
   author = { Larry Polansky}; 
   number = {1}; 
   volume = {3}; 
   year = {1987}; 
}

@Article = {horton86:horton,
   keyword = {temperamento}; 
   title = {Horton Hears a Whole Number Ratio}; 
   journal = {1/1, the Journal of the Just Intonation Network}; 
   author = { Jim Horton}; 
   number = {2}; 
   volume = {2}; 
   year = {1986}; 
}

@Article = {ayers99:improvising,
   keyword = {temperamento}; 
   title = {Improvising with Tunings: /Themes and Improvisations for WoodstockGamelan/}; 
   journal = {1/1, the Journal of the Just Intonation Network}; 
   author = { Lydia Ayers}; 
   number = {2}; 
   volume = {10}; 
   year = {1999}; 
}

@Article = {rosenboom85:beginning:,
   keyword = {temperamento}; 
   title = {In the Beginning: Etude I (Trombones) * (score}; 
   journal = {1/1, the Journal of the Just Intonation Network}; 
   author = { David Rosenboom}; 
   number = {3}; 
   volume = {1}; 
   year = {1985}; 
}

@Article = {waage85:intelligent,
   keyword = {temperamento}; 
   title = {The Intelligent Keyboard}; 
   journal = {1/1, the Journal of the Just Intonation Network}; 
   author = { Harold M Waage}; 
   number = {4}; 
   volume = {1}; 
   year = {1985}; 
}

@Article = {burt95:interesting,
   keyword = {temperamento}; 
   title = {An Interesting Group of Combination-Product Sets Produces Some VeryNice Dissonances}; 
   journal = {1/1, the Journal of the Just Intonation Network}; 
   author = { Warren Burt}; 
   number = {1}; 
   volume = {9}; 
   year = {1995}; 
}

@Article = {wold90:was,
   keyword = {temperamento}; 
   title = {It was in the Summer that I first noticed your hair, your face, you}; 
   journal = {1/1, the Journal of the Just Intonation Network}; 
   author = { Erling Wold}; 
   number = {4}; 
   volume = {6}; 
   year = {1990}; 
}

@Article = {johnston94:just,
   keyword = {temperamento}; 
   title = {Just Intonation and Mere Intonation}; 
   journal = {1/1, the Journal of the Just Intonation Network}; 
   author = { Ben Johnston}; 
   number = {4}; 
   volume = {8}; 
   year = {1994}; 
}

@Article = {rich88:just,
   keyword = {temperamento}; 
   title = {A Just Intonation Calculator}; 
   journal = {1/1, the Journal of the Just Intonation Network}; 
   author = { Robert Rich}; 
   number = {4}; 
   volume = {4}; 
   year = {1988}; 
}

@Article = {clark89:just,
   keyword = {temperamento}; 
   title = {Just Intonation in the Kirana Vocal Tradition}; 
   journal = {1/1, the Journal of the Just Intonation Network}; 
   author = { Carrie Starr Clark}; 
   number = {3}; 
   volume = {5}; 
   year = {1989}; 
}

@Article = {starr96:just,
   keyword = {temperamento}; 
   title = {Just Intonation Network News; (Remembering Prandit Pran Nath)}; 
   journal = {1/1, the Journal of the Just Intonation Network}; 
   author = { Carrie Starr}; 
   number = {3}; 
   volume = {9}; 
   year = {1996}; 
}

@Article = {alves89:just,
   keyword = {temperamento}; 
   title = {The Just Intonation System of Nicola Vicentino}; 
   journal = {1/1, the Journal of the Just Intonation Network}; 
   author = { William Alves}; 
   number = {2}; 
   volume = {5}; 
   year = {1989}; 
}

@Article = {rapoport91:just,
   keyword = {temperamento}; 
   title = {Just Inton(ot)ation}; 
   journal = {1/1, the Journal of the Just Intonation Network}; 
   author = { Paul Rapoport}; 
   number = {1}; 
   volume = {7}; 
   year = {1991}; 
}

@Article = {canright86:justly-tuned,
   keyword = {temperamento}; 
   title = {A Justly-Tuned Guitar}; 
   journal = {1/1, the Journal of the Just Intonation Network}; 
   author = { David Canright}; 
   number = {2}; 
   volume = {2}; 
   year = {1986}; 
}

@Article = {henry85:justly-tuned,
   keyword = {temperamento}; 
   title = {A Justly-Tuned Harpsichord}; 
   journal = {1/1, the Journal of the Just Intonation Network}; 
   author = { Norman Henry}; 
   number = {4}; 
   volume = {1}; 
   year = {1985}; 
}

@Article = {waage96:keyboard,
   keyword = {temperamento}; 
   title = {A Keyboard Game of "Expansion-Contraction"}; 
   journal = {1/1, the Journal of the Just Intonation Network}; 
   author = { Harold Waage}; 
   number = {3}; 
   volume = {9}; 
   year = {1996}; 
}

@Article = {alves90:key,
   keyword = {temperamento}; 
   title = {Key Characteristics and Pitch Sets in Composing with Just Intonation}; 
   journal = {1/1, the Journal of the Just Intonation Network}; 
   author = { Bill Alves}; 
   number = {3}; 
   volume = {6}; 
   year = {1990}; 
}

@Article = {rapoport95:(k)no(w),
   keyword = {temperamento}; 
   title = {(K)no(w) More Notation}; 
   journal = {1/1, the Journal of the Just Intonation Network}; 
   author = { Paul Rapoport}; 
   number = {2}; 
   volume = {9}; 
   year = {1995}; 
}

@Article = {doty90:monte,
   keyword = {temperamento}; 
   title = {The La Monte Young Interview}; 
   journal = {1/1, the Journal of the Just Intonation Network}; 
   author = { David B Doty}; 
   number = {1}; 
   volume = {6}; 
   year = {1990}; 
}

@Article = {waage92:liberation,
   keyword = {temperamento}; 
   title = {Liberation for the Scale Bound Consonance}; 
   journal = {1/1, the Journal of the Just Intonation Network}; 
   author = { Harold Waage}; 
   number = {3}; 
   volume = {7}; 
   year = {1992}; 
}

@Article = {doty87:lou,
   keyword = {temperamento}; 
   title = {The Lou Harrison Interview}; 
   journal = {1/1, the Journal of the Just Intonation Network}; 
   author = { David B Doty}; 
   number = {2}; 
   volume = {3}; 
   year = {1987}; 
}

@Article = {sohl86:mapping,
   keyword = {temperamento}; 
   title = {Mapping Tonality}; 
   journal = {1/1, the Journal of the Just Intonation Network}; 
   author = { Norman Sohl}; 
   number = {4}; 
   volume = {2}; 
   year = {1986}; 
}

@Article = {terpstra88:means,
   keyword = {temperamento}; 
   title = {Means to Music}; 
   journal = {1/1, the Journal of the Just Intonation Network}; 
   author = { Siemen Terpstra}; 
   number = {1}; 
   volume = {4}; 
   year = {1988}; 
}

@Article = {doty88:meaty,
   keyword = {temperamento}; 
   title = {Meaty MIDI Meeting}; 
   journal = {1/1, the Journal of the Just Intonation Network}; 
   author = { David B Doty}; 
   number = {4}; 
   volume = {4}; 
   year = {1988}; 
}

@Article = {chalmers88:microfest,
   keyword = {temperamento}; 
   title = {Microfest}; 
   journal = {1/1, the Journal of the Just Intonation Network}; 
   author = { John H Chalmers}; 
   number = {3}; 
   volume = {4}; 
   year = {1988}; 
}

@Article = {harrison01:microfest,
   keyword = {temperamento}; 
   title = {Microfest 2001 Keynote Address}; 
   journal = {1/1, the Journal of the Just Intonation Network}; 
   author = { Lou Harrison}; 
   number = {4}; 
   volume = {10}; 
   year = {2001}; 
}

@Article = {doty90:microtonal,
   keyword = {temperamento}; 
   title = {Microtonal Resources of the Seven Limit}; 
   journal = {1/1, the Journal of the Just Intonation Network}; 
   author = { David B Doty}; 
   number = {1}; 
   volume = {6}; 
   year = {1990}; 
}

@Article = {doty01:microtones,
   keyword = {temperamento}; 
   title = {Microtones in "Bodhisattvas in Berkeley"}; 
   journal = {1/1, the Journal of the Just Intonation Network}; 
   author = { David B Doty}; 
   number = {4}; 
   volume = {10}; 
   year = {2001}; 
}

@Article = {scholz89:midi,
   keyword = {temperamento}; 
   title = {The MIDI Tuning Dump Standard (version 0.03)}; 
   journal = {1/1, the Journal of the Just Intonation Network}; 
   author = { Carter Scholz}; 
   number = {3}; 
   volume = {5}; 
   year = {1989}; 
}

@Article = {terpstra94:more,
   keyword = {temperamento}; 
   title = {More Notes on Notation}; 
   journal = {1/1, the Journal of the Just Intonation Network}; 
   author = { Siemen Terpstra}; 
   number = {3}; 
   volume = {8}; 
   year = {1994}; 
}

@Article = {wold88:music,
   keyword = {temperamento}; 
   title = {Music of Love and Beyond}; 
   journal = {1/1, the Journal of the Just Intonation Network}; 
   author = { Erling Wold}; 
   number = {4}; 
   volume = {4}; 
   year = {1988}; 
}

@Article = {dudon89:musiques,
   keyword = {temperamento}; 
   title = {Musiques Harmoniques}; 
   journal = {1/1, the Journal of the Just Intonation Network}; 
   author = { Jacque Dudon}; 
   number = {3}; 
   volume = {5}; 
   year = {1989}; 
}

@Article = {duncan87:notes,
   keyword = {temperamento}; 
   title = {Notes and Commas* (letter}; 
   journal = {1/1, the Journal of the Just Intonation Network}; 
   author = { Otis Dudley Duncan}; 
   number = {3}; 
   volume = {3}; 
   year = {1987}; 
}

@Article = {ludlow94:notes,
   keyword = {temperamento}; 
   title = {Notes from a Semi-incompetent Performer on the Surrogate Kithara (1953)}; 
   journal = {1/1, the Journal of the Just Intonation Network}; 
   author = { Lynn Ludlow}; 
   number = {4}; 
   volume = {8}; 
   year = {1994}; 
}

@Article = {polansky85:notes,
   keyword = {temperamento}; 
   title = {Notes on "Piano Study No.5 for JPR"}; 
   journal = {1/1, the Journal of the Just Intonation Network}; 
   author = { Larry Polansky}; 
   number = {4}; 
   volume = {1}; 
   year = {1985}; 
}

@Article = {young87:notes,
   keyword = {temperamento}; 
   title = {Notes on The Well-Tuned Piano}; 
   journal = {1/1, the Journal of the Just Intonation Network}; 
   author = { La Monte Young}; 
   number = {3}; 
   volume = {3}; 
   year = {1987}; 
}

@Article = {terpstra86:octave,
   keyword = {temperamento}; 
   title = {The Octave Law and Natural Resonances}; 
   journal = {1/1, the Journal of the Just Intonation Network}; 
   author = { Siemen Terpstra}; 
   number = {2}; 
   volume = {2}; 
   year = {1986}; 
}

@Article = {johnston91:extended,
   keyword = {temperamento}; 
   title = {On Extended Just Intonation}; 
   journal = {1/1, the Journal of the Just Intonation Network}; 
   author = { Ben Johnston}; 
   number = {1}; 
   volume = {7}; 
   year = {1991}; 
}

@Article = {drummond94:newband,
   keyword = {temperamento}; 
   title = {On Newband and the Partch Instruments}; 
   journal = {1/1, the Journal of the Just Intonation Network}; 
   author = { Dean Drummond}; 
   number = {4}; 
   volume = {8}; 
   year = {1994}; 
}

@Article = {canright85:piano,
   keyword = {temperamento}; 
   title = {On Piano Retuning}; 
   journal = {1/1, the Journal of the Just Intonation Network}; 
   author = { David Canright}; 
   number = {4}; 
   volume = {1}; 
   year = {1985}; 
}

@Article = {henry86:open,
   keyword = {temperamento}; 
   title = {An Open Letter}; 
   journal = {1/1, the Journal of the Just Intonation Network}; 
   author = { Norman Henry}; 
   number = {1}; 
   volume = {2}; 
   year = {1986}; 
}

@Article = {catler87:over,
   keyword = {temperamento}; 
   title = {Over and Under: The 13 Limit}; 
   journal = {1/1, the Journal of the Just Intonation Network}; 
   author = { Jon Catler}; 
   number = {3}; 
   volume = {3}; 
   year = {1987}; 
}

@Article = {wilson85:partch's,
   keyword = {temperamento}; 
   title = {Partch's Scale on the Bosanquet Generalized Keyboard * (chart}; 
   journal = {1/1, the Journal of the Just Intonation Network}; 
   author = { Erv Wilson}; 
   number = {4}; 
   volume = {1}; 
   year = {1985}; 
}

@Article = {canright85:pentatonics,
   keyword = {temperamento}; 
   title = {Pentatonics I Have Known}; 
   journal = {1/1, the Journal of the Just Intonation Network}; 
   author = { David Canright}; 
   number = {2}; 
   volume = {1}; 
   year = {1985}; 
}

@Article = {doty89:pitch,,
   keyword = {temperamento}; 
   title = {Pitch, Pi.. Revisited}; 
   journal = {1/1, the Journal of the Just Intonation Network}; 
   author = { David B Doty}; 
   number = {4}; 
   volume = {5}; 
   year = {1989}; 
}

@Article = {alves97:/pleng/:,
   keyword = {temperamento}; 
   title = {/Pleng/: Composing for a Justly Tuned /Gender Barang/}; 
   journal = {1/1, the Journal of the Just Intonation Network}; 
   author = { Bill Alves}; 
   number = {4}; 
   volume = {9}; 
   year = {1997}; 
}

@Article = {scholz88:program,
   keyword = {temperamento}; 
   title = {A Program to Calculate Ratios}; 
   journal = {1/1, the Journal of the Just Intonation Network}; 
   author = { Carter Scholz}; 
   number = {2}; 
   volume = {4}; 
   year = {1988}; 
}

@Article = {duncan93:ptolemaic,
   keyword = {temperamento}; 
   title = {The Ptolemaic Antinomy}; 
   journal = {1/1, the Journal of the Just Intonation Network}; 
   author = { Dudley Duncan}; 
   number = {1}; 
   volume = {8}; 
   year = {1993}; 
}

@Article = {morrison85:quick,
   keyword = {temperamento}; 
   title = {A Quick Excursion into Octave-Repeating Harmonic Series-Based Scales}; 
   journal = {1/1, the Journal of the Just Intonation Network}; 
   author = { Gary Roy Morrison}; 
   number = {2}; 
   volume = {1}; 
   year = {1985}; 
}

@Article = {reinhard87:rational/irrational,
   keyword = {temperamento}; 
   title = {Rational/Irrational}; 
   journal = {1/1, the Journal of the Just Intonation Network}; 
   author = { Johnny Reinhard}; 
   number = {3}; 
   volume = {3}; 
   year = {1987}; 
}

@Article = {canright85:rational,
   keyword = {temperamento}; 
   title = {Rational Notation}; 
   journal = {1/1, the Journal of the Just Intonation Network}; 
   author = { David Canright}; 
   number = {1}; 
   volume = {1}; 
   year = {1985}; 
}

@Article = {johnston86:rational,
   keyword = {temperamento}; 
   title = {Rational Structure in Music}; 
   journal = {1/1, the Journal of the Just Intonation Network}; 
   author = { Ben Johnston}; 
   number = {3}; 
   volume = {2}; 
   year = {1986}; 
}

@Article = {raskin94:recollections,
   keyword = {temperamento}; 
   title = {Recollections of Harry Partch}; 
   journal = {1/1, the Journal of the Just Intonation Network}; 
   author = { Jef Raskin}; 
   number = {4}; 
   volume = {8}; 
   year = {1994}; 
}

@Article = {puliot94:remembering,
   keyword = {temperamento}; 
   title = {Remembering Harry}; 
   journal = {1/1, the Journal of the Just Intonation Network}; 
   author = { Stephen Puliot}; 
   number = {4}; 
   volume = {8}; 
   year = {1994}; 
}

@Article = {wold91:report:,
   keyword = {temperamento}; 
   title = {Report: American Festival of Microtonal Music}; 
   journal = {1/1, the Journal of the Just Intonation Network}; 
   author = { Erling Wold}; 
   number = {1}; 
   volume = {7}; 
   year = {1991}; 
}

@Article = {doty92:response,
   keyword = {temperamento}; 
   title = {A Response to Harold Waage}; 
   journal = {1/1, the Journal of the Just Intonation Network}; 
   author = { David B Doty}; 
   number = {4}; 
   volume = {7}; 
   year = {1992}; 
}

@Article = {doty94:response,
   keyword = {temperamento}; 
   title = {A Response to Siemen Terpstra's "Notation"}; 
   journal = {1/1, the Journal of the Just Intonation Network}; 
   author = { David B Doty}; 
   number = {3}; 
   volume = {8}; 
   year = {1994}; 
}

@Article = {young89:romantic,
   keyword = {temperamento}; 
   title = {The Romantic Symmetry in Prime Time}; 
   journal = {1/1, the Journal of the Just Intonation Network}; 
   author = { La Monte Young}; 
   number = {4}; 
   volume = {5}; 
   year = {1989}; 
}

@Article = {frantz90:scaleless,
   keyword = {temperamento}; 
   title = {A Scaleless Sequencer}; 
   journal = {1/1, the Journal of the Just Intonation Network}; 
   author = { Glenn Frantz}; 
   number = {3}; 
   volume = {6}; 
   year = {1990}; 
}

@Article = {reinhard89:schoenberg's,
   keyword = {temperamento}; 
   title = {Schoenberg's Conception of Tonality}; 
   journal = {1/1, the Journal of the Just Intonation Network}; 
   author = { Johnny Reinhard}; 
   number = {3}; 
   volume = {5}; 
   year = {1989}; 
}

@Article = {duncan89:septimal,
   keyword = {temperamento}; 
   title = {Septimal Harmony for the Blues}; 
   journal = {1/1, the Journal of the Just Intonation Network}; 
   author = { Dudley Duncan}; 
   number = {2}; 
   volume = {5}; 
   year = {1989}; 
}

@Article = {dudon94:seven-limit,
   keyword = {temperamento}; 
   title = {Seven-limit Slendro Mutations}; 
   journal = {1/1, the Journal of the Just Intonation Network}; 
   author = { Jacques Dudon}; 
   number = {2}; 
   volume = {8}; 
   year = {1994}; 
}

@Article = {sims89:72-tone,
   keyword = {temperamento}; 
   title = {A 72-tone Just Computer System}; 
   journal = {1/1, the Journal of the Just Intonation Network}; 
   author = { Ezra Sims}; 
   number = {1}; 
   volume = {5}; 
   year = {1989}; 
}

@Article = {terpstra99:short,
   keyword = {temperamento}; 
   title = {A Short History of Just Intonation Tuning Cuture}; 
   journal = {1/1, the Journal of the Just Intonation Network}; 
   author = { Siemen Terpstra}; 
   number = {2}; 
   volume = {10}; 
   year = {1999}; 
}

@Article = {terpstra88:simplified,
   keyword = {temperamento}; 
   title = {A Simplified Tuning Procedure for Strings}; 
   journal = {1/1, the Journal of the Just Intonation Network}; 
   author = { Siemen Terpstra}; 
   number = {3}; 
   volume = {4}; 
   year = {1988}; 
}

@Article = {doty86:subharmonic,
   keyword = {temperamento}; 
   title = {The Subharmonic Question}; 
   journal = {1/1, the Journal of the Just Intonation Network}; 
   author = { David B Doty}; 
   number = {1}; 
   volume = {2}; 
   year = {1986}; 
}

@Article = {hill89:study,
   keyword = {temperamento}; 
   title = {Study in Whole Tones in Two Parts}; 
   journal = {1/1, the Journal of the Just Intonation Network}; 
   author = { Ralph David Hill}; 
   number = {2}; 
   volume = {5}; 
   year = {1989}; 
}

@Article = {silverman96:styles,
   keyword = {temperamento}; 
   title = {Styles of Consonance/Dissonance Control in the Music of Ben Johnston}; 
   journal = {1/1, the Journal of the Just Intonation Network}; 
   author = { Adam B Silverman}; 
   number = {3}; 
   volume = {9}; 
   year = {1996}; 
}

@Article = {canright95:superparticular,
   keyword = {temperamento}; 
   title = {Superparticular Pentatonics}; 
   journal = {1/1, the Journal of the Just Intonation Network}; 
   author = { David Canright}; 
   number = {1}; 
   volume = {9}; 
   year = {1995}; 
}

@Article = {rasch88:theories,
   keyword = {temperamento}; 
   title = {The Theories of Adriaan Fokker}; 
   journal = {1/1, the Journal of the Just Intonation Network}; 
   author = { Rudolf Rasch}; 
   number = {2}; 
   volume = {4}; 
   year = {1988}; 
}

@Article = {chalmers88:third,
   keyword = {temperamento}; 
   title = {Third Coast New Music Project}; 
   journal = {1/1, the Journal of the Just Intonation Network}; 
   author = { John H Chalmers}; 
   number = {3}; 
   volume = {4}; 
   year = {1988}; 
}

@Article = {canright87:tour,
   keyword = {temperamento}; 
   title = {A Tour Up the Harmonic Series}; 
   journal = {1/1, the Journal of the Just Intonation Network}; 
   author = { David Canright}; 
   number = {3}; 
   volume = {3}; 
   year = {1987}; 
}

@Article = {siegel94:totally,
   keyword = {temperamento}; 
   title = {Totally Dynamic Tuning Using MIDI Pitchbend}; 
   journal = {1/1, the Journal of the Just Intonation Network}; 
   author = { Jules Siegel}; 
   number = {2}; 
   volume = {8}; 
   year = {1994}; 
}

@Article = {doty86:toward,
   keyword = {temperamento}; 
   title = {Toward Standard Definitions}; 
   journal = {1/1, the Journal of the Just Intonation Network}; 
   author = { David B Doty}; 
   number = {2}; 
   volume = {2}; 
   year = {1986}; 
}

@Article = {b96:transcriptions/translations,
   keyword = {temperamento}; 
   title = {Transcriptions/Translations of the Music of Harry Partch}; 
   journal = {1/1, the Journal of the Just Intonation Network}; 
   author = {Adam B}; 
   number = {3}; 
   volume = {9}; 
   year = {1996}; 
}

@Article = {chalmers87:tritriadic,
   keyword = {temperamento}; 
   title = {Tritriadic Transformations}; 
   journal = {1/1, the Journal of the Just Intonation Network}; 
   author = { John H Chalmers}; 
   number = {1}; 
   volume = {3}; 
   year = {1987}; 
}

@Article = {anderson85:trouble,
   keyword = {temperamento}; 
   title = {The Trouble with Didymus}; 
   journal = {1/1, the Journal of the Just Intonation Network}; 
   author = { Carola B Anderson}; 
   number = {3}; 
   volume = {1}; 
   year = {1985}; 
}

@Article = {scholz89:tuning,
   keyword = {temperamento}; 
   title = {Tuning and the Ensoniq EPS}; 
   journal = {1/1, the Journal of the Just Intonation Network}; 
   author = { Carter Scholz}; 
   number = {4}; 
   volume = {5}; 
   year = {1989}; 
}

@Article = {rich85:tuning,
   keyword = {temperamento}; 
   title = {Tuning and Transposition on the Prophet Five}; 
   journal = {1/1, the Journal of the Just Intonation Network}; 
   author = { Robert Rich}; 
   number = {4}; 
   volume = {1}; 
   year = {1985}; 
}

@Article = {lord87:tuning,
   keyword = {temperamento}; 
   title = {Tuning the Ensoniq Mirage}; 
   journal = {1/1, the Journal of the Just Intonation Network}; 
   author = { Richard H Lord}; 
   number = {4}; 
   volume = {3}; 
   year = {1987}; 
}

@Article = {jones86:tuning,
   keyword = {temperamento}; 
   title = {Tuning the Macintosh}; 
   journal = {1/1, the Journal of the Just Intonation Network}; 
   author = { Robert W Jones}; 
   number = {1}; 
   volume = {2}; 
   year = {1986}; 
}

@Article = {doty85:tutorial:,
   keyword = {temperamento}; 
   title = {Tutorial: Part One}; 
   journal = {1/1, the Journal of the Just Intonation Network}; 
   author = { David B Doty}; 
   number = {2}; 
   volume = {1}; 
   year = {1985}; 
}

@Article = {doty85:tutorial:,
   keyword = {temperamento}; 
   title = {Tutorial: Part Two}; 
   journal = {1/1, the Journal of the Just Intonation Network}; 
   author = { David B Doty}; 
   number = {3}; 
   volume = {1}; 
   year = {1985}; 
}

@Article = {doty86:tutorial:,
   keyword = {temperamento}; 
   title = {Tutorial: Part Three}; 
   journal = {1/1, the Journal of the Just Intonation Network}; 
   author = { David B Doty}; 
   number = {2}; 
   volume = {2}; 
   year = {1986}; 
}

@Article = {doty87:tutorial:,
   keyword = {temperamento}; 
   title = {Tutorial: Part Four (The Nine-Tone Diatonic Scale)}; 
   journal = {1/1, the Journal of the Just Intonation Network}; 
   author = { David B Doty}; 
   number = {1}; 
   volume = {3}; 
   year = {1987}; 
}

@Article = {polansky99:ii?v?i,
   keyword = {temperamento}; 
   title = {II?V?I (score)}; 
   journal = {1/1, the Journal of the Just Intonation Network}; 
   author = { Larry Polansky}; 
   number = {2}; 
   volume = {10}; 
   year = {1999}; 
}

@Article = {rayna86:two,
   keyword = {temperamento}; 
   title = {Two Special Keyboard Projects}; 
   journal = {1/1, the Journal of the Just Intonation Network}; 
   author = { David Rayna}; 
   number = {3}; 
   volume = {2}; 
   year = {1986}; 
}

@Article = {doty92:two,
   keyword = {temperamento}; 
   title = {Two Theories of Melodic Intonation}; 
   journal = {1/1, the Journal of the Just Intonation Network}; 
   author = { David B Doty}; 
   number = {4}; 
   volume = {7}; 
   year = {1992}; 
}

@Article = {schulter00:ugolino's,
   keyword = {temperamento}; 
   title = {Ugolino's "Intelligent Organist" and the Seventeen Note Octave (Part I:the Medieval Background}; 
   journal = {1/1, the Journal of the Just Intonation Network}; 
   author = { Margo Schulter}; 
   number = {3}; 
   volume = {10}; 
   year = {2000}; 
}

@Article = {chalmers94:wayward:,
   keyword = {temperamento}; 
   title = {The Wayward: Harry Partch at UCSD}; 
   journal = {1/1, the Journal of the Just Intonation Network}; 
   author = { John H Chalmers}; 
   number = {4}; 
   volume = {8}; 
   year = {1994}; 
}

@Article = {duncan93:why,
   keyword = {temperamento}; 
   title = {Why Superparticular?}; 
   journal = {1/1, the Journal of the Just Intonation Network}; 
   author = { Dudley Duncan}; 
   number = {1}; 
   volume = {8}; 
   year = {1993}; 
}

