
@Book{		  felici03:complete,
  author	= {James Felici},
  title		= {The Complete Manual of Typography},
  publisher	= {Peachpit Press},
  year		= 2003,
  address	= {Berkeley, Calif.},
  isbn		= {0-32-112730-7},
  keywords	= {writing style}
}

@TechReport{	  knuth.ea87:mathematical,
  author	= {Donald E. Knuth and Tracy Larrabee and Paul M. Roberts},
  title		= {Mathematical Writing},
  institution	= {Stanford Yniversity},
  year		= 1987,
  month		= {autumn},
  keywords	= {writing style}
}

@Book{		  leunen92:handbook,
  title		= {A handbook for scholars},
  publisher	= {Oxford University Press},
  year		= {1992},
  author	= {{Mary-Claire van} Leunen},
  address	= {New York},
  edition	= {rev.},
  isbn		= {0-19-506953-6},
  keywords	= {writing style}
}

@Book{		  turabian96:manual,
  author	= {Kate L. Turabian},
  title		= {A manual for writers of term papers, theses, and
		  dissertations},
  publisher	= {University of Chicago Press},
  year		= 1996,
  address	= {Chicago},
  edition	= {6a. rev.},
  isbn		= {0-22-681627-3},
  keywords	= {writing style}
}
