
@Book{		  felici03:complete,
  author	= {James Felici},
  title		= {The Complete Manual of Typography},
  publisher	= {Peachpit Press},
  year		= 2003,
  address	= {Berkeley, Calif.},
  isbn		= {0-32-112730-7},
  keywords	= {writing}
}

@TechReport{	  knuth.ea87:mathematical,
  author	= {Donald E. Knuth and Tracy Larrabee and Paul M. Roberts},
  title		= {Mathematical Writing},
  institution	= {Stanford Yniversity},
  year		= 1987,
  month		= {autumn},
  keywords	= {writing}
}

@Book{		  leunen92:handbook,
  title		= {A handbook for scholars},
  publisher	= {Oxford University Press},
  year		= {1992},
  author	= {{Mary-Claire van} Leunen},
  address	= {New York},
  edition	= {rev.},
  isbn		= {0-19-506953-6},
  keywords	= {writing}
}

@Book{		  turabian96:manual,
  author	= {Kate L. Turabian},
  title		= {A manual for writers of term papers, theses, and
		  dissertations},
  publisher	= {University of Chicago Press},
  year		= 1996,
  address	= {Chicago},
  edition	= {6a. rev.},
  isbn		= {0-22-681627-3},
  keywords	= {writing}
}

@Book{		  houaiss.ea01:dicionario,
  title		= {Dicionário Houaiss da língua portuguesa},
  author	= {Antônio Houaiss and Mauro de Salles Villar and Francisco
		  Manoel de Mello Franco},
  year		= {2001},
  publisher	= {Objetiva},
  address	= {Rio de Janeiro},
  keywords	= {dictionary}
}

@Misc{		  webster09:algorithm,
  key		= {Merrian Webster Online Dictionary},
  title		= {Algorithm},
  howpublished	= {Merriam Webster Online Dictionary},
  month		= {Junho},
  year		= 2009,
  note		= {\url{http://www.merriam-webster.com/dictionary/algorithm}},
  keywords	= {dictionary}
}
