@Article{kroger08:using,
  author =       {Pedro Kröger},
  title =        {Using Emacs and Csound-x as a Csound IDE: part I},
  journal =      {Csound Journal},
  year =         2008,
  volume =    1,
  number =    9,
  note = {To appear in the the next issue},
  url =          {http://www.csounds.com/journal/issue9/csoundGNUMake.html}}

@Article{kroger08:managing,
  author =       {Pedro Kröger},
  title =        {Managing Csound Compositions with {GNU} {M}ake},
  journal =      {Csound Journal},
  year =         2008,
  volume =    1,
  number =    8,
  url =          {http://www.csounds.com/journal/issue8/csoundGNUMake.html}}

@article{kroger98:expressionismo,
  author       = {Pedro Kröger},
  title        = {Expressionismo musical não-serialista [The non-serial expressionism]},
  journal      = {Urucungo: Periódico on-line de música},
  year         = 1998,
  url          = {http://www.urucungo.com.br/artigos/kroger/kroger1.htm}
}

@article{kroger99:procedimentos,
  author       = {Pedro Kröger},
  title        = {Procedimentos Composicionais no Rudepodema de
                  Villa-Lobos [compositional procedures in Villa-lobos's Rudepoema]},
  journal      = {Ictus, Periódico do Programa de Pós-Graduação em
                  Música da UFBA},
  year         = 1999,
  pages = 	 {151-164},
  volume = 	 {1}
}
