@InProceedings{kroger08a:rameau,
  author =       {Pedro Kroger and Alexandre Passos and Marcos Sampaio and Givaldo de Cidra},
  title =        {Rameau: A System for Automatic Harmonic Analysis},
  note = {To appear in the Proceedings of the 2008 International
                  Computer Music Conference},
  year =      2008}

@InProceedings{kroger08:musicologia,
  author =       {Pedro Kroger and Alexandre Passos and Marcos Sampaio and Givaldo de Cidra},
  title =        {Musicologia computacional aplicada à análise dos corais de Bach [Computational musicology applied to the analysis of Bach's Chorales]},
  note = {To appear in the Proceedings of the XVIII ANPPOM congress},
  year =      2008}

@InProceedings{kroger07:programacao,
  author = 	 {Pedro Kroger},
  title = 	 {Programação avançada em Common Lisp: Linguagens de
                  Domínio Específico e Meta-programação [Advanced
                  programming in Common Lisp: specific domain
                  languages and meta-programming]},
  booktitle = {Proceedings of the XI Brazilian Symposium on Programming Languages},
  pages = 	 {207-225},
  year = 	 2007}


@InProceedings{kroger06:processo,
  author = 	 {Pedro Kroger and Marcos di Silva and Givaldo de Cidra},
  title = 	 {O processo de desenvolvimento de uma codificação
                  para definir estruturas musicais [The process of
                  developing a codification for musical structures]},
  booktitle = {Anais do XVI Congresso da ANPPOM},
  year = 	 2006}


@InProceedings{kroger05a:desenvolvimento,
  author = 	 {Pedro Kroger},
  title = 	 {Desenvolvimento e implementação de uma linguagem de
                  descrição de alto-nível, extensível e conectável,
                  para composição musical com sistemas de afinação
                  [The development and implementation of a high-level
                  and extensible description language for musical
                  composition with tuning systems]},
  booktitle = {Anais do XV Congresso da ANPPOM},
  year = 	 2005}

@InProceedings{kroger05b:desenvolvimento,
  author = 	 {Pedro Kroger},
  title = 	 {Desenvolvimento e implementação de uma linguagem de
                  descrição de alto-nível, extensível e conectável,
                  para composição musical com sistemas de afinação
                  [The development and implementation of a high-level
                  and extensible description language for musical
                  composition with tuning systems]},
  booktitle = {Proceedings of the 10th Brazilian Symposium on Computer Music},
  pages = 	 {307-310},
  year = 	 2005}

@InProceedings{kroeger04a:csoundxml,
  author = 	 {Pedro Kroger},
  title = 	 {CsoundXML: a meta-language in {XML} for sound synthesis},
  booktitle =	 proc # " 2004 " # icmc,
  year =	 2004,
  address = 	 {San Francisco},
  publisher =	 cma,
}

@InProceedings{kroger03:mega-intruments,
  author       = {Pedro Kroger},
  title        = {Definindo Mega-instrumentos com XML [Defining
                  Mega-instruments with {XML}]},
  booktitle    = {Anais do XIV Congresso da ANPPOM},
  year         = 2003
}

@InProceedings{kroger03a:events,
  author = 	 {Pedro Kroger},
  title = 	 {From the concept of sections to events in Csound},
  booktitle =	 proc # " 2003 " # icmc,
  pages =	 {},
  year =	 2003,
  address = 	 {San Francisco},
  publisher =	 cma
}

@InProceedings{kroger03b:events,
  author = 	 {Pedro Kroger},
  title = 	 {From the concept of sections to events in Csound},
  booktitle =	 {Anais do XV Congresso da ANPPOM},
  pages =	 {},
  year =	 2003,
}

@InProceedings{kroger00:organizando,
  author       = {Pedro Kroger},
  title        = {Organizando instrumentos do Csound usando macros
                  [Organazing csound instruments using macros]},
  booktitle    = {IIIa Conferencia Iberoamericana de Investigacion
                  Musical},
  pages        = {153--157},
  year         = 2000,
  editor       = {Silvia Malbrán and Favio Shifres},
  month        = oct,
}

@article{kroger99:centricidade,
  author       = {Pedro Kroger},
  title        = {Centricidade e outros procedimentos na Fantasia de Wellington Gomes},
  journal      = {Anais do XI Encontro Nacional da ANPPOM},
  pages = 	 {150-155},
  year         = 1999
}

