@InCollection{kroger01:exortacao,
  author       = {Pedro Kroger},
  title        = {Comentários Analíticos de Exortação Agonica de
                  Milton Gomes [An analysis of Milton Gomes's
                  Exortação Agonica]},
  editor = 	 {Pablo Sotuyo},
  url = 	 {http://www.mhccufba.ufba.br/},
  publisher    = {Universidade Federal da Bahia},
  year         = 2001,
  booktitle = 	 {Milton Gomes: Exortação Agônica},
  pages = 	 {23--30},
  volume = 	 5,
  series = 	 {Marcos Históricos da Composição Contemporânea na
                  UFBA}}

@incollection{kroger94:burocracia,
  author       = {Pedro Kroger},
  editor       = {Pedro Kroger},
  booktitle    = {A Música de Jamary Oliveira: Estudos Analíticos},
  title        = {Burocracia: uma visão geral [An analysis of Jamary Oliveira's Burocracia]},
  year         = 1994,
  publisher    = {Porto Alegre: setor gráfico do CPG-música/UFRGS},
  annote       = {Análise da composição Burocracia de Jamary Oliveira,
                  na edição comemorativa dos 50 anos do compositor,
                  juntamente com análises e/ou textos de Cristina
                  Gerlling, Ricardo Tacuchian, Ilza Nogueira, Ricardo
                  Bordini, Dimitri Cervo, Jamary Oliveira, Alda
                  Oliveira, Manoel Veiga, e Conceição Perrone.}
}

