@PhdThesis{kroger04:desenvolvendo,
  author       = {Pedro Kroger},
  title        = {Desenvolvendo uma meta-linguagem para s√≠ntese sonora
                  [Developing a meta-language for sound synthesis]},
  school       = {Federal University at Bahia, Brazil},
  year         = 2004,
  language     = {brazil}
}
