@PhdThesis{       sampaio12:teoria,
  author =       {{Marcos da Silva} Sampaio},
  title =        {A Teoria de Relações de Contornos Musicais:
                  inconsistências, soluções e ferramentas},
  school =       {Universidade Federal da Bahia},
  year =         2012,
  type =         {Tese de doutorado},
  address =      {Salvador}
}
